@article{RN167,
   author = {Ellrott, Kyle and Bailey, Matthew H. and Saksena, Gordon and Covington, Kyle R. and Kandoth, Cyriac and Stewart, Chip and McLellan, Michael and Sofia, Heidi J. and Hutter, Carolyn and Getz, Gad and Wheeler, David and Ding, Li and Group, The MC3 Working and Network, The Cancer Genome Atlas Research},
   title = {Automating Somatic Mutation calling for Ten Thousand Tumor Exomes},
   journal = {in review},
   type = {Journal Article}
}

@article{RN187,
   author = {Ng, Patrick Kwok-Shing  and Li, Jun and Jeong, Kang Jin and Shao, Shan  and Chen, Hu and Tsang, Yiu Huen and Sengupta, Sohini and Wang, Zixing and Bhavana, Venkata Hemanjani and Tran, Richard and Soewito, Stephanie and Minussi, Darlan Conterno and Moreno, Daniela and Kong, Kathleen and Dogruluk, Turgut and Lu, Hengyu and Gao, Jianjiong and Tokheim, Collin and Zhou, Daniel Cui and Zeng, Jia and Ip, Carman Ka Man and Ju, Zhenlin and Wester, Matthew and Yu, Shuangxing and Li, Yongsheng and Vellano, Christopher and Schultz, Nikolaus and Karchin, Rachel  and Ding, Li and Lu, Yiling and Cheung, Lydia Wai Ting and Chen, Ken and Scott, Kenneth L. and Yi, Song and Sahni, Nidhi and Liang, Han and Mills, Gordon B.},
   title = {Systematic Functional Annotation of Somatic Mutations in Cancers},
   journal = {in review},
   type = {Journal Article}
}

@article{RN118,
   author = {Thorndike, Robert L.},
   title = {Who belongs in the family?},
   journal = {Psychometrika},
   volume = {18},
   number = {4},
   pages = {267-276},
   ISSN = {1860-0980},
   DOI = {10.1007/BF02289263},
   url = {https://doi.org/10.1007/BF02289263},
   year = {1953},
   type = {Journal Article}
}

@article{RN22,
   author = {Knudson, A. G., Jr.},
   title = {Mutation and cancer: statistical study of retinoblastoma},
   journal = {Proc Natl Acad Sci U S A},
   volume = {68},
   number = {4},
   pages = {820-3},
   ISSN = {0027-8424 (Print)
0027-8424 (Linking)},
   url = {https://www.ncbi.nlm.nih.gov/pubmed/5279523},
   year = {1971},
   type = {Journal Article}
}

@article{RN113,
   author = {McLachlan, A. D.},
   title = {Protein Structure and Function},
   journal = {Annual Review of Physical Chemistry},
   volume = {23},
   number = {1},
   pages = {165-192},
   ISSN = {0066-426X},
   DOI = {10.1146/annurev.pc.23.100172.001121},
   url = {https://doi.org/10.1146/annurev.pc.23.100172.001121},
   year = {1972},
   type = {Journal Article}
}

@article{RN160,
   author = {Nowell, P. C.},
   title = {The clonal evolution of tumor cell populations},
   journal = {Science},
   volume = {194},
   number = {4260},
   pages = {23-8},
   ISSN = {0036-8075 (Print)
0036-8075 (Linking)},
   url = {https://www.ncbi.nlm.nih.gov/pubmed/959840},
   year = {1976},
   type = {Journal Article}
}

@article{RN20,
   author = {Stehelin, D. and Varmus, H. E. and Bishop, J. M. and Vogt, P. K.},
   title = {DNA related to the transforming gene(s) of avian sarcoma viruses is present in normal avian DNA},
   journal = {Nature},
   volume = {260},
   number = {5547},
   pages = {170-3},
   ISSN = {0028-0836 (Print)
0028-0836 (Linking)},
   url = {https://www.ncbi.nlm.nih.gov/pubmed/176594},
   year = {1976},
   type = {Journal Article}
}

@article{RN100,
   author = {Horn, Susan Dadakis},
   title = {Goodness-of-Fit Tests for Discrete Data: A Review and an Application to a Health Impairment Scale},
   journal = {Biometrics},
   volume = {33},
   number = {1},
   pages = {237-247},
   ISSN = {0006341X, 15410420},
   DOI = {10.2307/2529319},
   url = {http://www.jstor.org/stable/2529319},
   year = {1977},
   type = {Journal Article}
}

@article{RN21,
   author = {Parada, L. F. and Tabin, C. J. and Shih, C. and Weinberg, R. A.},
   title = {Human EJ bladder carcinoma oncogene is homologue of Harvey sarcoma virus ras gene},
   journal = {Nature},
   volume = {297},
   number = {5866},
   pages = {474-8},
   ISSN = {0028-0836 (Print)
0028-0836 (Linking)},
   url = {https://www.ncbi.nlm.nih.gov/pubmed/6283357},
   year = {1982},
   type = {Journal Article}
}

@article{RN19,
   author = {Tabin, C. J. and Bradley, S. M. and Bargmann, C. I. and Weinberg, R. A. and Papageorge, A. G. and Scolnick, E. M. and Dhar, R. and Lowy, D. R. and Chang, E. H.},
   title = {Mechanism of activation of a human oncogene},
   journal = {Nature},
   volume = {300},
   number = {5888},
   pages = {143-9},
   ISSN = {0028-0836 (Print)
0028-0836 (Linking)},
   url = {https://www.ncbi.nlm.nih.gov/pubmed/6290897},
   year = {1982},
   type = {Journal Article}
}

@article{RN23,
   author = {Cavenee, W. K. and Dryja, T. P. and Phillips, R. A. and Benedict, W. F. and Godbout, R. and Gallie, B. L. and Murphree, A. L. and Strong, L. C. and White, R. L.},
   title = {Expression of recessive alleles by chromosomal mechanisms in retinoblastoma},
   journal = {Nature},
   volume = {305},
   number = {5937},
   pages = {779-84},
   ISSN = {0028-0836 (Print)
0028-0836 (Linking)},
   url = {https://www.ncbi.nlm.nih.gov/pubmed/6633649},
   year = {1983},
   type = {Journal Article}
}

@article{RN89,
   author = {Breiman, Leo},
   title = {Classification and regression trees},
   year = {1984},
   type = {Journal Article}
}

@article{RN1,
   author = {Baker, S. J. and Fearon, E. R. and Nigro, J. M. and Hamilton, S. R. and Preisinger, A. C. and Jessup, J. M. and vanTuinen, P. and Ledbetter, D. H. and Barker, D. F. and Nakamura, Y. and White, R. and Vogelstein, B.},
   title = {Chromosome 17 deletions and p53 gene mutations in colorectal carcinomas},
   journal = {Science},
   volume = {244},
   number = {4901},
   pages = {217-21},
   ISSN = {0036-8075 (Print)
0036-8075 (Linking)},
   url = {https://www.ncbi.nlm.nih.gov/pubmed/2649981},
   year = {1989},
   type = {Journal Article}
}

@article{RN26,
   author = {Fearon, E. R. and Vogelstein, B.},
   title = {A genetic model for colorectal tumorigenesis},
   journal = {Cell},
   volume = {61},
   number = {5},
   pages = {759-67},
   ISSN = {0092-8674 (Print)
0092-8674 (Linking)},
   url = {https://www.ncbi.nlm.nih.gov/pubmed/2188735},
   year = {1990},
   type = {Journal Article}
}

@article{RN107,
   author = {Hollstein, M. and Sidransky, D. and Vogelstein, B. and Harris, C. C.},
   title = {p53 mutations in human cancers},
   journal = {Science},
   volume = {253},
   number = {5015},
   pages = {49-53},
   ISSN = {0036-8075 (Print)
0036-8075 (Linking)},
   url = {https://www.ncbi.nlm.nih.gov/pubmed/1905840},
   year = {1991},
   type = {Journal Article}
}

@article{RN112,
   author = {Joyce, C. M. and Steitz, T. A.},
   title = {Function and structure relationships in DNA polymerases},
   journal = {Annu Rev Biochem},
   volume = {63},
   pages = {777-822},
   ISSN = {0066-4154 (Print)
0066-4154 (Linking)},
   DOI = {10.1146/annurev.bi.63.070194.004021},
   url = {https://www.ncbi.nlm.nih.gov/pubmed/7526780},
   year = {1994},
   type = {Journal Article}
}

@article{RN94,
   author = {Benjamini, Yoav and Hochberg, Yosef},
   title = {Controlling the False Discovery Rate: A Practical and Powerful Approach to Multiple Testing},
   journal = {Journal of the Royal Statistical Society. Series B (Methodological)},
   volume = {57},
   number = {1},
   pages = {289-300},
   ISSN = {00359246},
   DOI = {10.2307/2346101},
   url = {http://www.jstor.org/stable/2346101},
   year = {1995},
   type = {Journal Article}
}

@article{RN122,
   author = {Altschul, S. F. and Madden, T. L. and Schaffer, A. A. and Zhang, J. and Zhang, Z. and Miller, W. and Lipman, D. J.},
   title = {Gapped BLAST and PSI-BLAST: a new generation of protein database search programs},
   journal = {Nucleic Acids Res},
   volume = {25},
   number = {17},
   pages = {3389-402},
   ISSN = {0305-1048 (Print)
0305-1048 (Linking)},
   url = {https://www.ncbi.nlm.nih.gov/pubmed/9254694},
   year = {1997},
   type = {Journal Article}
}

@article{RN40,
   author = {Amit, Yali and Geman, Donald},
   title = {Shape Quantization and Recognition with Randomized Trees},
   journal = {Neural Computation},
   volume = {9},
   number = {7},
   pages = {1545-1588},
   DOI = {10.1162/neco.1997.9.7.1545},
   url = {http://www.mitpressjournals.org/doi/abs/10.1162/neco.1997.9.7.1545},
   year = {1997},
   type = {Journal Article}
}

@article{RN140,
   author = {Bradley, Andrew P.},
   title = {The use of the area under the ROC curve in the evaluation of machine learning algorithms},
   journal = {Pattern Recognition},
   volume = {30},
   pages = {1145-1159},
   year = {1997},
   type = {Journal Article}
}

@article{RN103,
   author = {Lecun, Y. and Bottou, L. and Bengio, Y. and Haffner, P.},
   title = {Gradient-based learning applied to document recognition},
   journal = {Proceedings of the IEEE},
   volume = {86},
   number = {11},
   pages = {2278-2324},
   ISSN = {0018-9219},
   DOI = {10.1109/5.726791},
   year = {1998},
   type = {Journal Article}
}

@article{RN126,
   author = {Lee, J. O. and Yang, H. and Georgescu, M. M. and Di Cristofano, A. and Maehama, T. and Shi, Y. and Dixon, J. E. and Pandolfi, P. and Pavletich, N. P.},
   title = {Crystal structure of the PTEN tumor suppressor: implications for its phosphoinositide phosphatase activity and membrane association},
   journal = {Cell},
   volume = {99},
   number = {3},
   pages = {323-34},
   ISSN = {0092-8674 (Print)
0092-8674 (Linking)},
   url = {https://www.ncbi.nlm.nih.gov/pubmed/10555148},
   year = {1999},
   type = {Journal Article}
}

@article{RN171,
   author = {Gryfe, Robert and Kim, Hyeja and Hsieh, Eugene TK and Aronson, Melyssa D and Holowaty, Eric J and Bull, Shelley B and Redston, Mark and Gallinger, Steven},
   title = {Tumor microsatellite instability and clinical outcome in young patients with colorectal cancer},
   journal = {New England Journal of Medicine},
   volume = {342},
   number = {2},
   pages = {69-77},
   ISSN = {0028-4793},
   year = {2000},
   type = {Journal Article}
}

@article{RN125,
   author = {Winkler, G. S. and Araujo, S. J. and Fiedler, U. and Vermeulen, W. and Coin, F. and Egly, J. M. and Hoeijmakers, J. H. and Wood, R. D. and Timmers, H. T. and Weeda, G.},
   title = {TFIIH with inactive XPD helicase functions in transcription initiation but is defective in DNA repair},
   journal = {J Biol Chem},
   volume = {275},
   number = {6},
   pages = {4258-66},
   ISSN = {0021-9258 (Print)
0021-9258 (Linking)},
   url = {https://www.ncbi.nlm.nih.gov/pubmed/10660593},
   year = {2000},
   type = {Journal Article}
}

@article{RN128,
   author = {Zhang, B. and Zhang, Y. and Wang, Z. and Zheng, Y.},
   title = {The role of Mg2+ cofactor in the guanine nucleotide exchange and GTP hydrolysis reactions of Rho family GTP-binding proteins},
   journal = {J Biol Chem},
   volume = {275},
   number = {33},
   pages = {25299-307},
   ISSN = {0021-9258 (Print)
0021-9258 (Linking)},
   DOI = {10.1074/jbc.M001027200},
   url = {https://www.ncbi.nlm.nih.gov/pubmed/10843989},
   year = {2000},
   type = {Journal Article}
}

@article{RN41,
   author = {Breiman, Leo},
   title = {Random Forests},
   journal = {Mach. Learn.},
   volume = {45},
   number = {1},
   pages = {5-32},
   ISSN = {0885-6125},
   DOI = {10.1023/a:1010933404324},
   year = {2001},
   type = {Journal Article}
}

@article{RN116,
   author = {Ng, Andrew Y. and Jordan, Michael I. and Weiss, Yair},
   title = {On Spectral Clustering: Analysis and an algorithm},
   journal = {Advances in Neural Information Processing Systems},
   pages = {849-856},
   ISSN = {0818619155},
   DOI = {10.1.1.19.8100},
   url = {http://citeseerx.ist.psu.edu/viewdoc/download?doi=10.1.1.19.8100&rep=rep1&type=pdf},
   year = {2001},
   type = {Journal Article}
}

@article{RN37,
   author = {Ng, P. C. and Henikoff, S.},
   title = {Predicting deleterious amino acid substitutions},
   journal = {Genome Res},
   volume = {11},
   number = {5},
   pages = {863-74},
   ISSN = {1088-9051 (Print)
1088-9051 (Linking)},
   DOI = {10.1101/gr.176601},
   url = {https://www.ncbi.nlm.nih.gov/pubmed/11337480},
   year = {2001},
   type = {Journal Article}
}

@article{RN123,
   author = {Kent, W. J.},
   title = {BLAT--the BLAST-like alignment tool},
   journal = {Genome Res},
   volume = {12},
   number = {4},
   pages = {656-64},
   ISSN = {1088-9051 (Print)
1088-9051 (Linking)},
   DOI = {10.1101/gr.229202},
   url = {https://www.ncbi.nlm.nih.gov/pubmed/11932250},
   year = {2002},
   type = {Journal Article}
}

@article{RN93,
   author = {Batista, Gustavo E. A. P. A. and Bazzan, Ana L. C. and Monard, Maria Carolina},
   title = {Balancing Training Data for Automated Annotation of Keywords: a Case Study},
   journal = {In Proceedings of the Second Brazilian Workshop on Bioinformatics},
   pages = {35-43},
   year = {2003},
   type = {Journal Article}
}

@article{RN188,
   author = {Storey, J. D. and Tibshirani, R.},
   title = {Statistical significance for genomewide studies},
   journal = {Proc Natl Acad Sci U S A},
   volume = {100},
   number = {16},
   pages = {9440-5},
   ISSN = {0027-8424 (Print)
0027-8424 (Linking)},
   DOI = {10.1073/pnas.1530509100},
   url = {https://www.ncbi.nlm.nih.gov/pubmed/12883005},
   year = {2003},
   type = {Journal Article}
}

@article{RN97,
   author = {Futreal, P. A. and Coin, L. and Marshall, M. and Down, T. and Hubbard, T. and Wooster, R. and Rahman, N. and Stratton, M. R.},
   title = {A census of human cancer genes},
   journal = {Nat Rev Cancer},
   volume = {4},
   number = {3},
   pages = {177-83},
   ISSN = {1474-175X (Print)
1474-175X (Linking)},
   DOI = {10.1038/nrc1299},
   url = {https://www.ncbi.nlm.nih.gov/pubmed/14993899},
   year = {2004},
   type = {Journal Article}
}

@article{RN184,
   author = {Mirkovic, Nebojsa and Marti-Renom, Marc A and Weber, Barbara L and Sali, Andrej and Monteiro, Alvaro NA},
   title = {Structure-based assessment of Missense mutations in human BRCA1},
   journal = {Cancer research},
   volume = {64},
   number = {11},
   pages = {3790-3797},
   ISSN = {0008-5472},
   year = {2004},
   type = {Journal Article}
}

@article{RN189,
   author = {Murphy, J. M. and Sexton, D. M. and Barnett, D. N. and Jones, G. S. and Webb, M. J. and Collins, M. and Stainforth, D. A.},
   title = {Quantification of modelling uncertainties in a large ensemble of climate change simulations},
   journal = {Nature},
   volume = {430},
   number = {7001},
   pages = {768-72},
   ISSN = {1476-4687 (Electronic)
0028-0836 (Linking)},
   DOI = {10.1038/nature02771},
   url = {https://www.ncbi.nlm.nih.gov/pubmed/15306806},
   year = {2004},
   type = {Journal Article}
}

@article{RN104,
   author = {Paez, J. G. and Janne, P. A. and Lee, J. C. and Tracy, S. and Greulich, H. and Gabriel, S. and Herman, P. and Kaye, F. J. and Lindeman, N. and Boggon, T. J. and Naoki, K. and Sasaki, H. and Fujii, Y. and Eck, M. J. and Sellers, W. R. and Johnson, B. E. and Meyerson, M.},
   title = {EGFR mutations in lung cancer: correlation with clinical response to gefitinib therapy},
   journal = {Science},
   volume = {304},
   number = {5676},
   pages = {1497-500},
   ISSN = {1095-9203 (Electronic)
0036-8075 (Linking)},
   DOI = {10.1126/science.1099314},
   url = {https://www.ncbi.nlm.nih.gov/pubmed/15118125},
   year = {2004},
   type = {Journal Article}
}

@article{RN162,
   author = {Santarosa, M. and Ashworth, A.},
   title = {Haploinsufficiency for tumour suppressor genes: when you don't need to go all the way},
   journal = {Biochim Biophys Acta},
   volume = {1654},
   number = {2},
   pages = {105-22},
   ISSN = {0006-3002 (Print)
0006-3002 (Linking)},
   DOI = {10.1016/j.bbcan.2004.01.001},
   url = {https://www.ncbi.nlm.nih.gov/pubmed/15172699},
   year = {2004},
   type = {Journal Article}
}

@article{RN185,
   author = {Vogelstein, Bert and Kinzler, Kenneth W},
   title = {Cancer genes and the pathways they control},
   journal = {Nature medicine},
   volume = {10},
   number = {8},
   pages = {789},
   ISSN = {1078-8956},
   year = {2004},
   type = {Journal Article}
}

@article{RN4,
   author = {Sjoblom, T. and Jones, S. and Wood, L. D. and Parsons, D. W. and Lin, J. and Barber, T. D. and Mandelker, D. and Leary, R. J. and Ptak, J. and Silliman, N. and Szabo, S. and Buckhaults, P. and Farrell, C. and Meeh, P. and Markowitz, S. D. and Willis, J. and Dawson, D. and Willson, J. K. and Gazdar, A. F. and Hartigan, J. and Wu, L. and Liu, C. and Parmigiani, G. and Park, B. H. and Bachman, K. E. and Papadopoulos, N. and Vogelstein, B. and Kinzler, K. W. and Velculescu, V. E.},
   title = {The consensus coding sequences of human breast and colorectal cancers},
   journal = {Science},
   volume = {314},
   number = {5797},
   pages = {268-74},
   ISSN = {1095-9203 (Electronic)
0036-8075 (Linking)},
   DOI = {10.1126/science.1133427},
   url = {https://www.ncbi.nlm.nih.gov/pubmed/16959974},
   year = {2006},
   type = {Journal Article}
}

@article{RN121,
   author = {Wu, C. H. and Apweiler, R. and Bairoch, A. and Natale, D. A. and Barker, W. C. and Boeckmann, B. and Ferro, S. and Gasteiger, E. and Huang, H. and Lopez, R. and Magrane, M. and Martin, M. J. and Mazumder, R. and O'Donovan, C. and Redaschi, N. and Suzek, B.},
   title = {The Universal Protein Resource (UniProt): an expanding universe of protein information},
   journal = {Nucleic Acids Res},
   volume = {34},
   number = {Database issue},
   pages = {D187-91},
   ISSN = {1362-4962 (Electronic)
0305-1048 (Linking)},
   DOI = {10.1093/nar/gkj161},
   url = {https://www.ncbi.nlm.nih.gov/pubmed/16381842},
   year = {2006},
   type = {Journal Article}
}

@article{RN115,
   author = {Arthur, David and Vassilvitskii, Sergei},
   title = {K-Means++: the Advantages of Careful Seeding},
   journal = {Proceedings of the eighteenth annual ACM-SIAM symposium on Discrete algorithms},
   pages = {1027-1025},
   ISSN = {9780898716245},
   DOI = {10.1145/1283383.1283494},
   year = {2007},
   type = {Journal Article}
}

@article{RN114,
   author = {Frey, B. J. and Dueck, D.},
   title = {Clustering by passing messages between data points},
   journal = {Science},
   volume = {315},
   number = {5814},
   pages = {972-6},
   ISSN = {1095-9203 (Electronic)
0036-8075 (Linking)},
   DOI = {10.1126/science.1136800},
   url = {https://www.ncbi.nlm.nih.gov/pubmed/17218491},
   year = {2007},
   type = {Journal Article}
}

@article{RN2,
   author = {Greenman, C. and Stephens, P. and Smith, R. and Dalgliesh, G. L. and Hunter, C. and Bignell, G. and Davies, H. and Teague, J. and Butler, A. and Stevens, C. and Edkins, S. and O'Meara, S. and Vastrik, I. and Schmidt, E. E. and Avis, T. and Barthorpe, S. and Bhamra, G. and Buck, G. and Choudhury, B. and Clements, J. and Cole, J. and Dicks, E. and Forbes, S. and Gray, K. and Halliday, K. and Harrison, R. and Hills, K. and Hinton, J. and Jenkinson, A. and Jones, D. and Menzies, A. and Mironenko, T. and Perry, J. and Raine, K. and Richardson, D. and Shepherd, R. and Small, A. and Tofts, C. and Varian, J. and Webb, T. and West, S. and Widaa, S. and Yates, A. and Cahill, D. P. and Louis, D. N. and Goldstraw, P. and Nicholson, A. G. and Brasseur, F. and Looijenga, L. and Weber, B. L. and Chiew, Y. E. and DeFazio, A. and Greaves, M. F. and Green, A. R. and Campbell, P. and Birney, E. and Easton, D. F. and Chenevix-Trench, G. and Tan, M. H. and Khoo, S. K. and Teh, B. T. and Yuen, S. T. and Leung, S. Y. and Wooster, R. and Futreal, P. A. and Stratton, M. R.},
   title = {Patterns of somatic mutation in human cancer genomes},
   journal = {Nature},
   volume = {446},
   number = {7132},
   pages = {153-8},
   ISSN = {1476-4687 (Electronic)
0028-0836 (Linking)},
   DOI = {10.1038/nature05610},
   url = {https://www.ncbi.nlm.nih.gov/pubmed/17344846},
   year = {2007},
   type = {Journal Article}
}

@misc{RN92,
   pages = {935-942},
   DOI= {10.1145/1273496.1273614},
   url = {http://delivery.acm.org/10.1145/1280000/1273614/p935-van_hulse.pdf?ip=162.129.251.87&id=1273614&acc=ACTIVE%20SERVICE&key=7777116298C9657D%2E34B115928DB6308C%2E4D4702B0C3E38B35%2E4D4702B0C3E38B35&CFID=456042147&CFTOKEN=38356524&__acm__=1417364818_4cb984aae735ff480317aec64c3d0b1d},
   year = {2007},
   type = {Conference Paper}
}

@article{RN142,
   author = {Petitjean, A. and Mathe, E. and Kato, S. and Ishioka, C. and Tavtigian, S. V. and Hainaut, P. and Olivier, M.},
   title = {Impact of mutant p53 functional properties on TP53 mutation patterns and tumor phenotype: lessons from recent developments in the IARC TP53 database},
   journal = {Hum Mutat},
   volume = {28},
   number = {6},
   pages = {622-9},
   ISSN = {1098-1004 (Electronic)
1059-7794 (Linking)},
   DOI = {10.1002/humu.20495},
   url = {https://www.ncbi.nlm.nih.gov/pubmed/17311302},
   year = {2007},
   type = {Journal Article}
}

@article{RN3,
   author = {Wood, L. D. and Parsons, D. W. and Jones, S. and Lin, J. and Sjoblom, T. and Leary, R. J. and Shen, D. and Boca, S. M. and Barber, T. and Ptak, J. and Silliman, N. and Szabo, S. and Dezso, Z. and Ustyanksky, V. and Nikolskaya, T. and Nikolsky, Y. and Karchin, R. and Wilson, P. A. and Kaminker, J. S. and Zhang, Z. and Croshaw, R. and Willis, J. and Dawson, D. and Shipitsin, M. and Willson, J. K. and Sukumar, S. and Polyak, K. and Park, B. H. and Pethiyagoda, C. L. and Pant, P. V. and Ballinger, D. G. and Sparks, A. B. and Hartigan, J. and Smith, D. R. and Suh, E. and Papadopoulos, N. and Buckhaults, P. and Markowitz, S. D. and Parmigiani, G. and Kinzler, K. W. and Velculescu, V. E. and Vogelstein, B.},
   title = {The genomic landscapes of human breast and colorectal cancers},
   journal = {Science},
   volume = {318},
   number = {5853},
   pages = {1108-13},
   ISSN = {1095-9203 (Electronic)
0036-8075 (Linking)},
   DOI = {10.1126/science.1145720},
   url = {https://www.ncbi.nlm.nih.gov/pubmed/17932254},
   year = {2007},
   type = {Journal Article}
}

@article{RN18,
   author = {Boveri, Theodor},
   title = {Concerning the Origin of Malignant Tumours by Theodor Boveri. Translated and annotated by Henry Harris},
   journal = {Journal of Cell Science},
   volume = {121},
   number = {Supplement 1},
   pages = {1},
   url = {http://jcs.biologists.org/content/121/Supplement_1/1.abstract},
   year = {2008},
   type = {Journal Article}
}

@article{RN7,
   author = {Cancer Genome Atlas Research, Network},
   title = {Comprehensive genomic characterization defines human glioblastoma genes and core pathways},
   journal = {Nature},
   volume = {455},
   number = {7216},
   pages = {1061-8},
   ISSN = {1476-4687 (Electronic)
0028-0836 (Linking)},
   DOI = {10.1038/nature07385},
   url = {https://www.ncbi.nlm.nih.gov/pubmed/18772890},
   year = {2008},
   type = {Journal Article}
}

@article{RN5,
   author = {Jones, S. and Zhang, X. and Parsons, D. W. and Lin, J. C. and Leary, R. J. and Angenendt, P. and Mankoo, P. and Carter, H. and Kamiyama, H. and Jimeno, A. and Hong, S. M. and Fu, B. and Lin, M. T. and Calhoun, E. S. and Kamiyama, M. and Walter, K. and Nikolskaya, T. and Nikolsky, Y. and Hartigan, J. and Smith, D. R. and Hidalgo, M. and Leach, S. D. and Klein, A. P. and Jaffee, E. M. and Goggins, M. and Maitra, A. and Iacobuzio-Donahue, C. and Eshleman, J. R. and Kern, S. E. and Hruban, R. H. and Karchin, R. and Papadopoulos, N. and Parmigiani, G. and Vogelstein, B. and Velculescu, V. E. and Kinzler, K. W.},
   title = {Core signaling pathways in human pancreatic cancers revealed by global genomic analyses},
   journal = {Science},
   volume = {321},
   number = {5897},
   pages = {1801-6},
   ISSN = {1095-9203 (Electronic)
0036-8075 (Linking)},
   DOI = {10.1126/science.1164368},
   url = {https://www.ncbi.nlm.nih.gov/pubmed/18772397},
   year = {2008},
   type = {Journal Article}
}

@article{RN6,
   author = {Parsons, D. W. and Jones, S. and Zhang, X. and Lin, J. C. and Leary, R. J. and Angenendt, P. and Mankoo, P. and Carter, H. and Siu, I. M. and Gallia, G. L. and Olivi, A. and McLendon, R. and Rasheed, B. A. and Keir, S. and Nikolskaya, T. and Nikolsky, Y. and Busam, D. A. and Tekleab, H. and Diaz, L. A., Jr. and Hartigan, J. and Smith, D. R. and Strausberg, R. L. and Marie, S. K. and Shinjo, S. M. and Yan, H. and Riggins, G. J. and Bigner, D. D. and Karchin, R. and Papadopoulos, N. and Parmigiani, G. and Vogelstein, B. and Velculescu, V. E. and Kinzler, K. W.},
   title = {An integrated genomic analysis of human glioblastoma multiforme},
   journal = {Science},
   volume = {321},
   number = {5897},
   pages = {1807-12},
   ISSN = {1095-9203 (Electronic)
0036-8075 (Linking)},
   DOI = {10.1126/science.1164382},
   url = {https://www.ncbi.nlm.nih.gov/pubmed/18772396},
   year = {2008},
   type = {Journal Article}
}

@article{RN183,
   author = {Torkamani, A. and Schork, N. J.},
   title = {Prediction of cancer driver mutations in protein kinases},
   journal = {Cancer Res},
   volume = {68},
   number = {6},
   pages = {1675-82},
   ISSN = {1538-7445 (Electronic)
0008-5472 (Linking)},
   DOI = {10.1158/0008-5472.CAN-07-5283},
   url = {https://www.ncbi.nlm.nih.gov/pubmed/18339846},
   year = {2008},
   type = {Journal Article}
}

@article{RN159,
   author = {Blackford, A. and Serrano, O. K. and Wolfgang, C. L. and Parmigiani, G. and Jones, S. and Zhang, X. and Parsons, D. W. and Lin, J. C. and Leary, R. J. and Eshleman, J. R. and Goggins, M. and Jaffee, E. M. and Iacobuzio-Donahue, C. A. and Maitra, A. and Cameron, J. L. and Olino, K. and Schulick, R. and Winter, J. and Herman, J. M. and Laheru, D. and Klein, A. P. and Vogelstein, B. and Kinzler, K. W. and Velculescu, V. E. and Hruban, R. H.},
   title = {SMAD4 gene mutations are associated with poor prognosis in pancreatic cancer},
   journal = {Clin Cancer Res},
   volume = {15},
   number = {14},
   pages = {4674-9},
   ISSN = {1078-0432 (Print)
1078-0432 (Linking)},
   DOI = {10.1158/1078-0432.CCR-09-0227},
   url = {https://www.ncbi.nlm.nih.gov/pubmed/19584151},
   year = {2009},
   type = {Journal Article}
}

@article{RN29,
   author = {Carter, H. and Chen, S. and Isik, L. and Tyekucheva, S. and Velculescu, V. E. and Kinzler, K. W. and Vogelstein, B. and Karchin, R.},
   title = {Cancer-specific high-throughput annotation of somatic mutations: computational prediction of driver missense mutations},
   journal = {Cancer Res},
   volume = {69},
   number = {16},
   pages = {6660-7},
   ISSN = {1538-7445 (Electronic)
0008-5472 (Linking)},
   DOI = {10.1158/0008-5472.CAN-09-1133},
   url = {https://www.ncbi.nlm.nih.gov/pubmed/19654296},
   year = {2009},
   type = {Journal Article}
}

@article{RN102,
   author = {Cozzetto, D. and Kryshtafovych, A. and Tramontano, A.},
   title = {Evaluation of CASP8 model quality predictions},
   journal = {Proteins},
   volume = {77 Suppl 9},
   pages = {157-66},
   ISSN = {1097-0134 (Electronic)
0887-3585 (Linking)},
   DOI = {10.1002/prot.22534},
   url = {https://www.ncbi.nlm.nih.gov/pubmed/19714774},
   year = {2009},
   type = {Journal Article}
}

@article{RN182,
   author = {Krzywinski, Martin and Schein, Jacqueline and Birol, Inanc and Connors, Joseph and Gascoyne, Randy and Horsman, Doug and Jones, Steven J and Marra, Marco A},
   title = {Circos: an information aesthetic for comparative genomics},
   journal = {Genome research},
   volume = {19},
   number = {9},
   pages = {1639-1645},
   ISSN = {1088-9051},
   year = {2009},
   type = {Journal Article}
}

@article{RN8,
   author = {Mardis, E. R. and Ding, L. and Dooling, D. J. and Larson, D. E. and McLellan, M. D. and Chen, K. and Koboldt, D. C. and Fulton, R. S. and Delehaunty, K. D. and McGrath, S. D. and Fulton, L. A. and Locke, D. P. and Magrini, V. J. and Abbott, R. M. and Vickery, T. L. and Reed, J. S. and Robinson, J. S. and Wylie, T. and Smith, S. M. and Carmichael, L. and Eldred, J. M. and Harris, C. C. and Walker, J. and Peck, J. B. and Du, F. and Dukes, A. F. and Sanderson, G. E. and Brummett, A. M. and Clark, E. and McMichael, J. F. and Meyer, R. J. and Schindler, J. K. and Pohl, C. S. and Wallis, J. W. and Shi, X. and Lin, L. and Schmidt, H. and Tang, Y. and Haipek, C. and Wiechert, M. E. and Ivy, J. V. and Kalicki, J. and Elliott, G. and Ries, R. E. and Payton, J. E. and Westervelt, P. and Tomasson, M. H. and Watson, M. A. and Baty, J. and Heath, S. and Shannon, W. D. and Nagarajan, R. and Link, D. C. and Walter, M. J. and Graubert, T. A. and DiPersio, J. F. and Wilson, R. K. and Ley, T. J.},
   title = {Recurring mutations found by sequencing an acute myeloid leukemia genome},
   journal = {N Engl J Med},
   volume = {361},
   number = {11},
   pages = {1058-66},
   ISSN = {1533-4406 (Electronic)
0028-4793 (Linking)},
   DOI = {10.1056/NEJMoa0903840},
   url = {https://www.ncbi.nlm.nih.gov/pubmed/19657110},
   year = {2009},
   type = {Journal Article}
}

@article{RN78,
   author = {Parmigiani, G. and Boca, S. and Lin, J. and Kinzler, K. W. and Velculescu, V. and Vogelstein, B.},
   title = {Design and analysis issues in genome-wide somatic mutation studies of cancer},
   journal = {Genomics},
   volume = {93},
   number = {1},
   pages = {17-21},
   ISSN = {1089-8646 (Electronic)
0888-7543 (Linking)},
   DOI = {10.1016/j.ygeno.2008.07.005},
   url = {https://www.ncbi.nlm.nih.gov/pubmed/18692126},
   year = {2009},
   type = {Journal Article}
}

@article{RN119,
   author = {Pieper, U. and Eswar, N. and Webb, B. M. and Eramian, D. and Kelly, L. and Barkan, D. T. and Carter, H. and Mankoo, P. and Karchin, R. and Marti-Renom, M. A. and Davis, F. P. and Sali, A.},
   title = {MODBASE, a database of annotated comparative protein structure models and associated resources},
   journal = {Nucleic Acids Res},
   volume = {37},
   number = {Database issue},
   pages = {D347-54},
   ISSN = {1362-4962 (Electronic)
0305-1048 (Linking)},
   DOI = {10.1093/nar/gkn791},
   url = {https://www.ncbi.nlm.nih.gov/pubmed/18948282},
   year = {2009},
   type = {Journal Article}
}

@article{RN63,
   author = {Stratton, M. R. and Campbell, P. J. and Futreal, P. A.},
   title = {The cancer genome},
   journal = {Nature},
   volume = {458},
   number = {7239},
   pages = {719-24},
   ISSN = {1476-4687 (Electronic)
0028-0836 (Linking)},
   DOI = {10.1038/nature07943},
   url = {https://www.ncbi.nlm.nih.gov/pubmed/19360079},
   year = {2009},
   type = {Journal Article}
}

@article{RN28,
   author = {Adzhubei, I. A. and Schmidt, S. and Peshkin, L. and Ramensky, V. E. and Gerasimova, A. and Bork, P. and Kondrashov, A. S. and Sunyaev, S. R.},
   title = {A method and server for predicting damaging missense mutations},
   journal = {Nat Methods},
   volume = {7},
   number = {4},
   pages = {248-9},
   ISSN = {1548-7105 (Electronic)
1548-7091 (Linking)},
   DOI = {10.1038/nmeth0410-248},
   url = {https://www.ncbi.nlm.nih.gov/pubmed/20354512},
   year = {2010},
   type = {Journal Article}
}

@article{RN68,
   author = {Boland, C. R. and Goel, A.},
   title = {Microsatellite instability in colorectal cancer},
   journal = {Gastroenterology},
   volume = {138},
   number = {6},
   pages = {2073-2087 e3},
   ISSN = {1528-0012 (Electronic)
0016-5085 (Linking)},
   DOI = {10.1053/j.gastro.2009.12.064},
   url = {https://www.ncbi.nlm.nih.gov/pubmed/20420947},
   year = {2010},
   type = {Journal Article}
}

@article{RN117,
   author = {Daszykowski, M. and Walczak, B.},
   title = {Density-Based Clustering Methods},
   journal = {Comprehensive Chemometrics},
   volume = {2},
   pages = {635-654},
   ISSN = {9780444527011},
   DOI = {10.1016/B978-044452701-1.00067-3},
   year = {2010},
   type = {Journal Article}
}

@article{RN147,
   author = {Ding, L. and Wendl, M. C. and Koboldt, D. C. and Mardis, E. R.},
   title = {Analysis of next-generation genomic data in cancer: accomplishments and challenges},
   journal = {Hum Mol Genet},
   volume = {19},
   number = {R2},
   pages = {R188-96},
   ISSN = {1460-2083 (Electronic)
0964-6906 (Linking)},
   DOI = {10.1093/hmg/ddq391},
   url = {https://www.ncbi.nlm.nih.gov/pubmed/20843826},
   year = {2010},
   type = {Journal Article}
}

@article{RN9,
   author = {Pleasance, E. D. and Cheetham, R. K. and Stephens, P. J. and McBride, D. J. and Humphray, S. J. and Greenman, C. D. and Varela, I. and Lin, M. L. and Ordonez, G. R. and Bignell, G. R. and Ye, K. and Alipaz, J. and Bauer, M. J. and Beare, D. and Butler, A. and Carter, R. J. and Chen, L. and Cox, A. J. and Edkins, S. and Kokko-Gonzales, P. I. and Gormley, N. A. and Grocock, R. J. and Haudenschild, C. D. and Hims, M. M. and James, T. and Jia, M. and Kingsbury, Z. and Leroy, C. and Marshall, J. and Menzies, A. and Mudie, L. J. and Ning, Z. and Royce, T. and Schulz-Trieglaff, O. B. and Spiridou, A. and Stebbings, L. A. and Szajkowski, L. and Teague, J. and Williamson, D. and Chin, L. and Ross, M. T. and Campbell, P. J. and Bentley, D. R. and Futreal, P. A. and Stratton, M. R.},
   title = {A comprehensive catalogue of somatic mutations from a human cancer genome},
   journal = {Nature},
   volume = {463},
   number = {7278},
   pages = {191-6},
   ISSN = {1476-4687 (Electronic)
0028-0836 (Linking)},
   DOI = {10.1038/nature08658},
   url = {https://www.ncbi.nlm.nih.gov/pubmed/20016485},
   year = {2010},
   type = {Journal Article}
}

@article{RN10,
   author = {Pleasance, E. D. and Stephens, P. J. and O'Meara, S. and McBride, D. J. and Meynert, A. and Jones, D. and Lin, M. L. and Beare, D. and Lau, K. W. and Greenman, C. and Varela, I. and Nik-Zainal, S. and Davies, H. R. and Ordonez, G. R. and Mudie, L. J. and Latimer, C. and Edkins, S. and Stebbings, L. and Chen, L. and Jia, M. and Leroy, C. and Marshall, J. and Menzies, A. and Butler, A. and Teague, J. W. and Mangion, J. and Sun, Y. A. and McLaughlin, S. F. and Peckham, H. E. and Tsung, E. F. and Costa, G. L. and Lee, C. C. and Minna, J. D. and Gazdar, A. and Birney, E. and Rhodes, M. D. and McKernan, K. J. and Stratton, M. R. and Futreal, P. A. and Campbell, P. J.},
   title = {A small-cell lung cancer genome with complex signatures of tobacco exposure},
   journal = {Nature},
   volume = {463},
   number = {7278},
   pages = {184-90},
   ISSN = {1476-4687 (Electronic)
0028-0836 (Linking)},
   DOI = {10.1038/nature08629},
   url = {https://www.ncbi.nlm.nih.gov/pubmed/20016488},
   year = {2010},
   type = {Journal Article}
}

@article{RN106,
   author = {Ye, J. and Pavlicek, A. and Lunney, E. A. and Rejto, P. A. and Teng, C. H.},
   title = {Statistical method on nonrandom clustering with application to somatic mutations in cancer},
   journal = {BMC Bioinformatics},
   volume = {11},
   pages = {11},
   ISSN = {1471-2105 (Electronic)
1471-2105 (Linking)},
   DOI = {10.1186/1471-2105-11-11},
   url = {https://www.ncbi.nlm.nih.gov/pubmed/20053295},
   year = {2010},
   type = {Journal Article}
}

@article{RN11,
   author = {Cancer Genome Atlas Research, Network},
   title = {Integrated genomic analyses of ovarian carcinoma},
   journal = {Nature},
   volume = {474},
   number = {7353},
   pages = {609-15},
   ISSN = {1476-4687 (Electronic)
0028-0836 (Linking)},
   DOI = {10.1038/nature10166},
   url = {https://www.ncbi.nlm.nih.gov/pubmed/21720365},
   year = {2011},
   type = {Journal Article}
}

@article{RN137,
   author = {Capriotti, E. and Altman, R. B.},
   title = {A new disease-specific machine learning approach for the prediction of cancer-causing missense variants},
   journal = {Genomics},
   volume = {98},
   number = {4},
   pages = {310-7},
   ISSN = {1089-8646 (Electronic)
0888-7543 (Linking)},
   DOI = {10.1016/j.ygeno.2011.06.010},
   url = {https://www.ncbi.nlm.nih.gov/pubmed/21763417},
   year = {2011},
   type = {Journal Article}
}

@article{RN24,
   author = {Hanahan, D. and Weinberg, R. A.},
   title = {Hallmarks of cancer: the next generation},
   journal = {Cell},
   volume = {144},
   number = {5},
   pages = {646-74},
   ISSN = {1097-4172 (Electronic)
0092-8674 (Linking)},
   DOI = {10.1016/j.cell.2011.02.013},
   url = {https://www.ncbi.nlm.nih.gov/pubmed/21376230},
   year = {2011},
   type = {Journal Article}
}

@article{RN66,
   author = {Loeb, L. A.},
   title = {Human cancers express mutator phenotypes: origin, consequences and targeting},
   journal = {Nat Rev Cancer},
   volume = {11},
   number = {6},
   pages = {450-7},
   ISSN = {1474-1768 (Electronic)
1474-175X (Linking)},
   DOI = {10.1038/nrc3063},
   url = {https://www.ncbi.nlm.nih.gov/pubmed/21593786},
   year = {2011},
   type = {Journal Article}
}

@article{RN38,
   author = {Reva, B. and Antipin, Y. and Sander, C.},
   title = {Predicting the functional impact of protein mutations: application to cancer genomics},
   journal = {Nucleic Acids Res},
   volume = {39},
   number = {17},
   pages = {e118},
   ISSN = {1362-4962 (Electronic)
0305-1048 (Linking)},
   DOI = {10.1093/nar/gkr407},
   url = {https://www.ncbi.nlm.nih.gov/pubmed/21727090},
   year = {2011},
   type = {Journal Article}
}

@article{RN90,
   author = {Wong, W. C. and Kim, D. and Carter, H. and Diekhans, M. and Ryan, M. C. and Karchin, R.},
   title = {CHASM and SNVBox: toolkit for detecting biologically important single nucleotide mutations in cancer},
   journal = {Bioinformatics},
   volume = {27},
   number = {15},
   pages = {2147-8},
   ISSN = {1367-4811 (Electronic)
1367-4803 (Linking)},
   DOI = {10.1093/bioinformatics/btr357},
   url = {https://www.ncbi.nlm.nih.gov/pubmed/21685053},
   year = {2011},
   type = {Journal Article}
}

@article{RN172,
   author = {Barbieri, Christopher E and Baca, Sylvan C and Lawrence, Michael S and Demichelis, Francesca and Blattner, Mirjam and Theurillat, Jean-Philippe and White, Thomas A and Stojanov, Petar and Van Allen, Eliezer and Stransky, Nicolas},
   title = {Exome sequencing identifies recurrent SPOP, FOXA1 and MED12 mutations in prostate cancer},
   journal = {Nature genetics},
   volume = {44},
   number = {6},
   pages = {685-689},
   ISSN = {1061-4036},
   year = {2012},
   type = {Journal Article}
}

@article{RN82,
   author = {Bashashati, A. and Haffari, G. and Ding, J. and Ha, G. and Lui, K. and Rosner, J. and Huntsman, D. G. and Caldas, C. and Aparicio, S. A. and Shah, S. P.},
   title = {DriverNet: uncovering the impact of somatic driver mutations on transcriptional networks in cancer},
   journal = {Genome Biol},
   volume = {13},
   number = {12},
   pages = {R124},
   ISSN = {1474-760X (Electronic)
1474-7596 (Linking)},
   DOI = {10.1186/gb-2012-13-12-r124},
   url = {https://www.ncbi.nlm.nih.gov/pubmed/23383675},
   year = {2012},
   type = {Journal Article}
}

@article{RN173,
   author = {Biankin, Andrew V and Waddell, Nicola and Kassahn, Karin S and Gingras, Marie-Claude and Muthuswamy, Lakshmi B and Johns, Amber L and Miller, David K and Wilson, Peter J and Patch, Ann-Marie and Wu, Jianmin},
   title = {Pancreatic cancer genomes reveal aberrations in axon guidance pathway genes},
   journal = {Nature},
   volume = {491},
   number = {7424},
   pages = {399-405},
   ISSN = {0028-0836},
   year = {2012},
   type = {Journal Article}
}

@article{RN48,
   author = {Cancer Genome Atlas, Network},
   title = {Comprehensive molecular characterization of human colon and rectal cancer},
   journal = {Nature},
   volume = {487},
   number = {7407},
   pages = {330-7},
   ISSN = {1476-4687 (Electronic)
0028-0836 (Linking)},
   DOI = {10.1038/nature11252},
   url = {https://www.ncbi.nlm.nih.gov/pubmed/22810696},
   year = {2012},
   type = {Journal Article}
}

@article{RN75,
   author = {Chernick, Michael R and Liu, Christine Y},
   title = {The saw-toothed behavior of power versus sample size and software solutions},
   journal = {The American Statistician},
   year = {2012},
   type = {Journal Article}
}

@article{RN196,
   author = {De Carvalho, D. D. and Sharma, S. and You, J. S. and Su, S. F. and Taberlay, P. C. and Kelly, T. K. and Yang, X. and Liang, G. and Jones, P. A.},
   title = {DNA methylation screening identifies driver epigenetic events of cancer cell survival},
   journal = {Cancer Cell},
   volume = {21},
   number = {5},
   pages = {655-67},
   ISSN = {1878-3686 (Electronic)
1535-6108 (Linking)},
   DOI = {10.1016/j.ccr.2012.03.045},
   url = {https://www.ncbi.nlm.nih.gov/pubmed/22624715},
   year = {2012},
   type = {Journal Article}
}

@article{RN43,
   author = {Dees, N. D. and Zhang, Q. and Kandoth, C. and Wendl, M. C. and Schierding, W. and Koboldt, D. C. and Mooney, T. B. and Callaway, M. B. and Dooling, D. and Mardis, E. R. and Wilson, R. K. and Ding, L.},
   title = {MuSiC: identifying mutational significance in cancer genomes},
   journal = {Genome Res},
   volume = {22},
   number = {8},
   pages = {1589-98},
   ISSN = {1549-5469 (Electronic)
1088-9051 (Linking)},
   DOI = {10.1101/gr.134635.111},
   url = {https://www.ncbi.nlm.nih.gov/pubmed/22759861},
   year = {2012},
   type = {Journal Article}
}

@article{RN31,
   author = {Gonzalez-Perez, A. and Deu-Pons, J. and Lopez-Bigas, N.},
   title = {Improving the prediction of the functional impact of cancer mutations by baseline tolerance transformation},
   journal = {Genome Med},
   volume = {4},
   number = {11},
   pages = {89},
   ISSN = {1756-994X (Print)
1756-994X (Linking)},
   DOI = {10.1186/gm390},
   url = {https://www.ncbi.nlm.nih.gov/pubmed/23181723},
   year = {2012},
   type = {Journal Article}
}

@article{RN53,
   author = {Gonzalez-Perez, A. and Lopez-Bigas, N.},
   title = {Functional impact bias reveals cancer drivers},
   journal = {Nucleic Acids Res},
   volume = {40},
   number = {21},
   pages = {e169},
   ISSN = {1362-4962 (Electronic)
0305-1048 (Linking)},
   DOI = {10.1093/nar/gks743},
   url = {https://www.ncbi.nlm.nih.gov/pubmed/22904074},
   year = {2012},
   type = {Journal Article}
}

@article{RN50,
   author = {Greaves, M. and Maley, C. C.},
   title = {Clonal evolution in cancer},
   journal = {Nature},
   volume = {481},
   number = {7381},
   pages = {306-13},
   ISSN = {1476-4687 (Electronic)
0028-0836 (Linking)},
   DOI = {10.1038/nature10762},
   url = {https://www.ncbi.nlm.nih.gov/pubmed/22258609},
   year = {2012},
   type = {Journal Article}
}

@article{RN156,
   author = {Hodis, E. and Watson, I. R. and Kryukov, G. V. and Arold, S. T. and Imielinski, M. and Theurillat, J. P. and Nickerson, E. and Auclair, D. and Li, L. and Place, C. and Dicara, D. and Ramos, A. H. and Lawrence, M. S. and Cibulskis, K. and Sivachenko, A. and Voet, D. and Saksena, G. and Stransky, N. and Onofrio, R. C. and Winckler, W. and Ardlie, K. and Wagle, N. and Wargo, J. and Chong, K. and Morton, D. L. and Stemke-Hale, K. and Chen, G. and Noble, M. and Meyerson, M. and Ladbury, J. E. and Davies, M. A. and Gershenwald, J. E. and Wagner, S. N. and Hoon, D. S. and Schadendorf, D. and Lander, E. S. and Gabriel, S. B. and Getz, G. and Garraway, L. A. and Chin, L.},
   title = {A landscape of driver mutations in melanoma},
   journal = {Cell},
   volume = {150},
   number = {2},
   pages = {251-63},
   ISSN = {1097-4172 (Electronic)
0092-8674 (Linking)},
   DOI = {10.1016/j.cell.2012.06.024},
   url = {https://www.ncbi.nlm.nih.gov/pubmed/22817889},
   year = {2012},
   type = {Journal Article}
}

@article{RN190,
   author = {Marbach, D. and Costello, J. C. and Kuffner, R. and Vega, N. M. and Prill, R. J. and Camacho, D. M. and Allison, K. R. and Consortium, Dream and Kellis, M. and Collins, J. J. and Stolovitzky, G.},
   title = {Wisdom of crowds for robust gene network inference},
   journal = {Nat Methods},
   volume = {9},
   number = {8},
   pages = {796-804},
   ISSN = {1548-7105 (Electronic)
1548-7091 (Linking)},
   DOI = {10.1038/nmeth.2016},
   url = {https://www.ncbi.nlm.nih.gov/pubmed/22796662},
   year = {2012},
   type = {Journal Article}
}

@article{RN192,
   author = {Maurano, M. T. and Humbert, R. and Rynes, E. and Thurman, R. E. and Haugen, E. and Wang, H. and Reynolds, A. P. and Sandstrom, R. and Qu, H. and Brody, J. and Shafer, A. and Neri, F. and Lee, K. and Kutyavin, T. and Stehling-Sun, S. and Johnson, A. K. and Canfield, T. K. and Giste, E. and Diegel, M. and Bates, D. and Hansen, R. S. and Neph, S. and Sabo, P. J. and Heimfeld, S. and Raubitschek, A. and Ziegler, S. and Cotsapas, C. and Sotoodehnia, N. and Glass, I. and Sunyaev, S. R. and Kaul, R. and Stamatoyannopoulos, J. A.},
   title = {Systematic localization of common disease-associated variation in regulatory DNA},
   journal = {Science},
   volume = {337},
   number = {6099},
   pages = {1190-5},
   ISSN = {1095-9203 (Electronic)
0036-8075 (Linking)},
   DOI = {10.1126/science.1222794},
   url = {https://www.ncbi.nlm.nih.gov/pubmed/22955828},
   year = {2012},
   type = {Journal Article}
}

@article{RN108,
   author = {Nehrt, N. L. and Peterson, T. A. and Park, D. and Kann, M. G.},
   title = {Domain landscapes of somatic mutations in cancer},
   journal = {BMC Genomics},
   volume = {13 Suppl 4},
   pages = {S9},
   ISSN = {1471-2164 (Electronic)
1471-2164 (Linking)},
   DOI = {10.1186/1471-2164-13-S4-S9},
   url = {https://www.ncbi.nlm.nih.gov/pubmed/22759657},
   year = {2012},
   type = {Journal Article}
}

@article{RN79,
   author = {Ng, S. and Collisson, E. A. and Sokolov, A. and Goldstein, T. and Gonzalez-Perez, A. and Lopez-Bigas, N. and Benz, C. and Haussler, D. and Stuart, J. M.},
   title = {PARADIGM-SHIFT predicts the function of mutations in multiple cancers using pathway impact analysis},
   journal = {Bioinformatics},
   volume = {28},
   number = {18},
   pages = {i640-i646},
   ISSN = {1367-4811 (Electronic)
1367-4803 (Linking)},
   DOI = {10.1093/bioinformatics/bts402},
   url = {https://www.ncbi.nlm.nih.gov/pubmed/22962493},
   year = {2012},
   type = {Journal Article}
}

@article{RN164,
   author = {Nik-Zainal, S. and Alexandrov, L. B. and Wedge, D. C. and Van Loo, P. and Greenman, C. D. and Raine, K. and Jones, D. and Hinton, J. and Marshall, J. and Stebbings, L. A. and Menzies, A. and Martin, S. and Leung, K. and Chen, L. and Leroy, C. and Ramakrishna, M. and Rance, R. and Lau, K. W. and Mudie, L. J. and Varela, I. and McBride, D. J. and Bignell, G. R. and Cooke, S. L. and Shlien, A. and Gamble, J. and Whitmore, I. and Maddison, M. and Tarpey, P. S. and Davies, H. R. and Papaemmanuil, E. and Stephens, P. J. and McLaren, S. and Butler, A. P. and Teague, J. W. and Jonsson, G. and Garber, J. E. and Silver, D. and Miron, P. and Fatima, A. and Boyault, S. and Langerod, A. and Tutt, A. and Martens, J. W. and Aparicio, S. A. and Borg, A. and Salomon, A. V. and Thomas, G. and Borresen-Dale, A. L. and Richardson, A. L. and Neuberger, M. S. and Futreal, P. A. and Campbell, P. J. and Stratton, M. R. and Breast Cancer Working Group of the International Cancer Genome, Consortium},
   title = {Mutational processes molding the genomes of 21 breast cancers},
   journal = {Cell},
   volume = {149},
   number = {5},
   pages = {979-93},
   ISSN = {1097-4172 (Electronic)
0092-8674 (Linking)},
   DOI = {10.1016/j.cell.2012.04.024},
   url = {https://www.ncbi.nlm.nih.gov/pubmed/22608084},
   year = {2012},
   type = {Journal Article}
}

@article{RN127,
   author = {Rojas, A. M. and Fuentes, G. and Rausell, A. and Valencia, A.},
   title = {The Ras protein superfamily: evolutionary tree and role of conserved amino acids},
   journal = {J Cell Biol},
   volume = {196},
   number = {2},
   pages = {189-201},
   ISSN = {1540-8140 (Electronic)
0021-9525 (Linking)},
   DOI = {10.1083/jcb.201103008},
   url = {https://www.ncbi.nlm.nih.gov/pubmed/22270915},
   year = {2012},
   type = {Journal Article}
}

@article{RN74,
   author = {Schuster-Bockler, B. and Lehner, B.},
   title = {Chromatin organization is a major influence on regional mutation rates in human cancer cells},
   journal = {Nature},
   volume = {488},
   number = {7412},
   pages = {504-7},
   ISSN = {1476-4687 (Electronic)
0028-0836 (Linking)},
   DOI = {10.1038/nature11273},
   url = {https://www.ncbi.nlm.nih.gov/pubmed/22820252},
   year = {2012},
   type = {Journal Article}
}

@article{RN174,
   author = {Stephens, Philip J and Tarpey, Patrick S and Davies, Helen and Van Loo, Peter and Greenman, Chris and Wedge, David C and Nik-Zainal, Serena and Martin, Sancha and Varela, Ignacio and Bignell, Graham R},
   title = {The landscape of cancer genes and mutational processes in breast cancer},
   journal = {Nature},
   volume = {486},
   number = {7403},
   pages = {400-404},
   ISSN = {0028-0836},
   year = {2012},
   type = {Journal Article}
}

@article{RN51,
   author = {Alexandrov, L. B. and Nik-Zainal, S. and Wedge, D. C. and Aparicio, S. A. and Behjati, S. and Biankin, A. V. and Bignell, G. R. and Bolli, N. and Borg, A. and Borresen-Dale, A. L. and Boyault, S. and Burkhardt, B. and Butler, A. P. and Caldas, C. and Davies, H. R. and Desmedt, C. and Eils, R. and Eyfjord, J. E. and Foekens, J. A. and Greaves, M. and Hosoda, F. and Hutter, B. and Ilicic, T. and Imbeaud, S. and Imielinski, M. and Jager, N. and Jones, D. T. and Jones, D. and Knappskog, S. and Kool, M. and Lakhani, S. R. and Lopez-Otin, C. and Martin, S. and Munshi, N. C. and Nakamura, H. and Northcott, P. A. and Pajic, M. and Papaemmanuil, E. and Paradiso, A. and Pearson, J. V. and Puente, X. S. and Raine, K. and Ramakrishna, M. and Richardson, A. L. and Richter, J. and Rosenstiel, P. and Schlesner, M. and Schumacher, T. N. and Span, P. N. and Teague, J. W. and Totoki, Y. and Tutt, A. N. and Valdes-Mas, R. and van Buuren, M. M. and van 't Veer, L. and Vincent-Salomon, A. and Waddell, N. and Yates, L. R. and Australian Pancreatic Cancer Genome, Initiative and Consortium, Icgc Breast Cancer and Consortium, Icgc Mmml- Seq and PedBrain, Icgc and Zucman-Rossi, J. and Futreal, P. A. and McDermott, U. and Lichter, P. and Meyerson, M. and Grimmond, S. M. and Siebert, R. and Campo, E. and Shibata, T. and Pfister, S. M. and Campbell, P. J. and Stratton, M. R.},
   title = {Signatures of mutational processes in human cancer},
   journal = {Nature},
   volume = {500},
   number = {7463},
   pages = {415-21},
   ISSN = {1476-4687 (Electronic)
0028-0836 (Linking)},
   DOI = {10.1038/nature12477},
   url = {https://www.ncbi.nlm.nih.gov/pubmed/23945592},
   year = {2013},
   type = {Journal Article}
}

@article{RN146,
   author = {Cancer Genome Atlas Research, Network and Weinstein, J. N. and Collisson, E. A. and Mills, G. B. and Shaw, K. R. and Ozenberger, B. A. and Ellrott, K. and Shmulevich, I. and Sander, C. and Stuart, J. M.},
   title = {The Cancer Genome Atlas Pan-Cancer analysis project},
   journal = {Nat Genet},
   volume = {45},
   number = {10},
   pages = {1113-20},
   ISSN = {1546-1718 (Electronic)
1061-4036 (Linking)},
   DOI = {10.1038/ng.2764},
   url = {https://www.ncbi.nlm.nih.gov/pubmed/24071849},
   year = {2013},
   type = {Journal Article}
}

@article{RN30,
   author = {Carter, H. and Douville, C. and Stenson, P. D. and Cooper, D. N. and Karchin, R.},
   title = {Identifying Mendelian disease genes with the variant effect scoring tool},
   journal = {BMC Genomics},
   volume = {14 Suppl 3},
   pages = {S3},
   ISSN = {1471-2164 (Electronic)
1471-2164 (Linking)},
   DOI = {10.1186/1471-2164-14-S3-S3},
   url = {https://www.ncbi.nlm.nih.gov/pubmed/23819870},
   year = {2013},
   type = {Journal Article}
}

@article{RN124,
   author = {Davis, M. J. and Ha, B. H. and Holman, E. C. and Halaban, R. and Schlessinger, J. and Boggon, T. J.},
   title = {RAC1P29S is a spontaneously activating cancer-associated GTPase},
   journal = {Proc Natl Acad Sci U S A},
   volume = {110},
   number = {3},
   pages = {912-7},
   ISSN = {1091-6490 (Electronic)
0027-8424 (Linking)},
   DOI = {10.1073/pnas.1220895110},
   url = {https://www.ncbi.nlm.nih.gov/pubmed/23284172},
   year = {2013},
   type = {Journal Article}
}

@article{RN71,
   author = {Davoli, T. and Xu, A. W. and Mengwasser, K. E. and Sack, L. M. and Yoon, J. C. and Park, P. J. and Elledge, S. J.},
   title = {Cumulative haploinsufficiency and triplosensitivity drive aneuploidy patterns and shape the cancer genome},
   journal = {Cell},
   volume = {155},
   number = {4},
   pages = {948-62},
   ISSN = {1097-4172 (Electronic)
0092-8674 (Linking)},
   DOI = {10.1016/j.cell.2013.10.011},
   url = {https://www.ncbi.nlm.nih.gov/pubmed/24183448},
   year = {2013},
   type = {Journal Article}
}

@article{RN177,
   author = {Frampton, Garrett M and Fichtenholtz, Alex and Otto, Geoff A and Wang, Kai and Downing, Sean R and He, Jie and Schnall-Levin, Michael and White, Jared and Sanford, Eric M and An, Peter},
   title = {Development and validation of a clinical cancer genomic profiling test based on massively parallel DNA sequencing},
   journal = {Nature biotechnology},
   volume = {31},
   number = {11},
   pages = {1023-1031},
   ISSN = {1087-0156},
   year = {2013},
   type = {Journal Article}
}

@article{RN148,
   author = {Garraway, L. A. and Lander, E. S.},
   title = {Lessons from the cancer genome},
   journal = {Cell},
   volume = {153},
   number = {1},
   pages = {17-37},
   ISSN = {1097-4172 (Electronic)
0092-8674 (Linking)},
   DOI = {10.1016/j.cell.2013.03.002},
   url = {https://www.ncbi.nlm.nih.gov/pubmed/23540688},
   year = {2013},
   type = {Journal Article}
}

@article{RN181,
   author = {Gonzalez-Perez, A. and Mustonen, V. and Reva, B. and Ritchie, G. R. and Creixell, P. and Karchin, R. and Vazquez, M. and Fink, J. L. and Kassahn, K. S. and Pearson, J. V. and Bader, G. D. and Boutros, P. C. and Muthuswamy, L. and Ouellette, B. F. and Reimand, J. and Linding, R. and Shibata, T. and Valencia, A. and Butler, A. and Dronov, S. and Flicek, P. and Shannon, N. B. and Carter, H. and Ding, L. and Sander, C. and Stuart, J. M. and Stein, L. D. and Lopez-Bigas, N. and International Cancer Genome Consortium Mutation, Pathways and Consequences Subgroup of the Bioinformatics Analyses Working, Group},
   title = {Computational approaches to identify functional genetic variants in cancer genomes},
   journal = {Nat Methods},
   volume = {10},
   number = {8},
   pages = {723-9},
   ISSN = {1548-7105 (Electronic)
1548-7091 (Linking)},
   DOI = {10.1038/nmeth.2562},
   url = {https://www.ncbi.nlm.nih.gov/pubmed/23900255},
   year = {2013},
   type = {Journal Article}
}

@article{RN109,
   author = {Gonzalez-Perez, A. and Perez-Llamas, C. and Deu-Pons, J. and Tamborero, D. and Schroeder, M. P. and Jene-Sanz, A. and Santos, A. and Lopez-Bigas, N.},
   title = {IntOGen-mutations identifies cancer drivers across tumor types},
   journal = {Nat Methods},
   volume = {10},
   number = {11},
   pages = {1081-2},
   ISSN = {1548-7105 (Electronic)
1548-7091 (Linking)},
   DOI = {10.1038/nmeth.2642},
   url = {https://www.ncbi.nlm.nih.gov/pubmed/24037244},
   year = {2013},
   type = {Journal Article}
}

@article{RN65,
   author = {Hoang, M. L. and Chen, C. H. and Sidorenko, V. S. and He, J. and Dickman, K. G. and Yun, B. H. and Moriya, M. and Niknafs, N. and Douville, C. and Karchin, R. and Turesky, R. J. and Pu, Y. S. and Vogelstein, B. and Papadopoulos, N. and Grollman, A. P. and Kinzler, K. W. and Rosenquist, T. A.},
   title = {Mutational signature of aristolochic acid exposure as revealed by whole-exome sequencing},
   journal = {Sci Transl Med},
   volume = {5},
   number = {197},
   pages = {197ra102},
   ISSN = {1946-6242 (Electronic)
1946-6234 (Linking)},
   DOI = {10.1126/scitranslmed.3006200},
   url = {https://www.ncbi.nlm.nih.gov/pubmed/23926200},
   year = {2013},
   type = {Journal Article}
}

@article{RN12,
   author = {Kandoth, C. and McLellan, M. D. and Vandin, F. and Ye, K. and Niu, B. and Lu, C. and Xie, M. and Zhang, Q. and McMichael, J. F. and Wyczalkowski, M. A. and Leiserson, M. D. M. and Miller, C. A. and Welch, J. S. and Walter, M. J. and Wendl, M. C. and Ley, T. J. and Wilson, R. K. and Raphael, B. J. and Ding, L.},
   title = {Mutational landscape and significance across 12 major cancer types},
   journal = {Nature},
   volume = {502},
   number = {7471},
   pages = {333-339},
   ISSN = {1476-4687 (Electronic)
0028-0836 (Linking)},
   DOI = {10.1038/nature12634},
   url = {https://www.ncbi.nlm.nih.gov/pubmed/24132290},
   year = {2013},
   type = {Journal Article}
}

@article{RN13,
   author = {Lawrence, M. S. and Stojanov, P. and Polak, P. and Kryukov, G. V. and Cibulskis, K. and Sivachenko, A. and Carter, S. L. and Stewart, C. and Mermel, C. H. and Roberts, S. A. and Kiezun, A. and Hammerman, P. S. and McKenna, A. and Drier, Y. and Zou, L. and Ramos, A. H. and Pugh, T. J. and Stransky, N. and Helman, E. and Kim, J. and Sougnez, C. and Ambrogio, L. and Nickerson, E. and Shefler, E. and Cortes, M. L. and Auclair, D. and Saksena, G. and Voet, D. and Noble, M. and DiCara, D. and Lin, P. and Lichtenstein, L. and Heiman, D. I. and Fennell, T. and Imielinski, M. and Hernandez, B. and Hodis, E. and Baca, S. and Dulak, A. M. and Lohr, J. and Landau, D. A. and Wu, C. J. and Melendez-Zajgla, J. and Hidalgo-Miranda, A. and Koren, A. and McCarroll, S. A. and Mora, J. and Crompton, B. and Onofrio, R. and Parkin, M. and Winckler, W. and Ardlie, K. and Gabriel, S. B. and Roberts, C. W. M. and Biegel, J. A. and Stegmaier, K. and Bass, A. J. and Garraway, L. A. and Meyerson, M. and Golub, T. R. and Gordenin, D. A. and Sunyaev, S. and Lander, E. S. and Getz, G.},
   title = {Mutational heterogeneity in cancer and the search for new cancer-associated genes},
   journal = {Nature},
   volume = {499},
   number = {7457},
   pages = {214-218},
   ISSN = {1476-4687 (Electronic)
0028-0836 (Linking)},
   DOI = {10.1038/nature12213},
   url = {https://www.ncbi.nlm.nih.gov/pubmed/23770567},
   year = {2013},
   type = {Journal Article}
}

@article{RN36,
   author = {Mao, Y. and Chen, H. and Liang, H. and Meric-Bernstam, F. and Mills, G. B. and Chen, K.},
   title = {CanDrA: cancer-specific driver missense mutation annotation with optimized features},
   journal = {PLoS One},
   volume = {8},
   number = {10},
   pages = {e77945},
   ISSN = {1932-6203 (Electronic)
1932-6203 (Linking)},
   DOI = {10.1371/journal.pone.0077945},
   url = {https://www.ncbi.nlm.nih.gov/pubmed/24205039},
   year = {2013},
   type = {Journal Article}
}

@article{RN120,
   author = {Niknafs, N. and Kim, D. and Kim, R. and Diekhans, M. and Ryan, M. and Stenson, P. D. and Cooper, D. N. and Karchin, R.},
   title = {MuPIT interactive: webserver for mapping variant positions to annotated, interactive 3D structures},
   journal = {Hum Genet},
   volume = {132},
   number = {11},
   pages = {1235-43},
   ISSN = {1432-1203 (Electronic)
0340-6717 (Linking)},
   DOI = {10.1007/s00439-013-1325-0},
   url = {https://www.ncbi.nlm.nih.gov/pubmed/23793516},
   year = {2013},
   type = {Journal Article}
}

@article{RN154,
   author = {Reimand, J. and Bader, G. D.},
   title = {Systematic analysis of somatic mutations in phosphorylation signaling predicts novel cancer drivers},
   journal = {Mol Syst Biol},
   volume = {9},
   pages = {637},
   ISSN = {1744-4292 (Electronic)
1744-4292 (Linking)},
   DOI = {10.1038/msb.2012.68},
   url = {https://www.ncbi.nlm.nih.gov/pubmed/23340843},
   year = {2013},
   type = {Journal Article}
}

@article{RN98,
   author = {Reimand, J. and Wagih, O. and Bader, G. D.},
   title = {The mutational landscape of phosphorylation signaling in cancer},
   journal = {Sci Rep},
   volume = {3},
   pages = {2651},
   ISSN = {2045-2322 (Electronic)
2045-2322 (Linking)},
   DOI = {10.1038/srep02651},
   url = {https://www.ncbi.nlm.nih.gov/pubmed/24089029},
   year = {2013},
   type = {Journal Article}
}

@article{RN15,
   author = {Ryslik, G. A. and Cheng, Y. and Cheung, K. H. and Modis, Y. and Zhao, H.},
   title = {Utilizing protein structure to identify non-random somatic mutations},
   journal = {BMC Bioinformatics},
   volume = {14},
   pages = {190},
   ISSN = {1471-2105 (Electronic)
1471-2105 (Linking)},
   DOI = {10.1186/1471-2105-14-190},
   url = {https://www.ncbi.nlm.nih.gov/pubmed/23758891},
   year = {2013},
   type = {Journal Article}
}

@article{RN39,
   author = {Shihab, H. A. and Gough, J. and Cooper, D. N. and Day, I. N. and Gaunt, T. R.},
   title = {Predicting the functional consequences of cancer-associated amino acid substitutions},
   journal = {Bioinformatics},
   volume = {29},
   number = {12},
   pages = {1504-10},
   ISSN = {1367-4811 (Electronic)
1367-4803 (Linking)},
   DOI = {10.1093/bioinformatics/btt182},
   url = {https://www.ncbi.nlm.nih.gov/pubmed/23620363},
   year = {2013},
   type = {Journal Article}
}

@article{RN54,
   author = {Tamborero, D. and Gonzalez-Perez, A. and Lopez-Bigas, N.},
   title = {OncodriveCLUST: exploiting the positional clustering of somatic mutations to identify cancer genes},
   journal = {Bioinformatics},
   volume = {29},
   number = {18},
   pages = {2238-44},
   ISSN = {1367-4811 (Electronic)
1367-4803 (Linking)},
   DOI = {10.1093/bioinformatics/btt395},
   url = {https://www.ncbi.nlm.nih.gov/pubmed/23884480},
   year = {2013},
   type = {Journal Article}
}

@article{RN96,
   author = {Tamborero, D. and Gonzalez-Perez, A. and Perez-Llamas, C. and Deu-Pons, J. and Kandoth, C. and Reimand, J. and Lawrence, M. S. and Getz, G. and Bader, G. D. and Ding, L. and Lopez-Bigas, N.},
   title = {Comprehensive identification of mutational cancer driver genes across 12 tumor types},
   journal = {Sci Rep},
   volume = {3},
   pages = {2650},
   ISSN = {2045-2322 (Electronic)
2045-2322 (Linking)},
   DOI = {10.1038/srep02650},
   url = {https://www.ncbi.nlm.nih.gov/pubmed/24084849},
   year = {2013},
   type = {Journal Article}
}

@article{RN83,
   author = {Tamborero, D. and Lopez-Bigas, N. and Gonzalez-Perez, A.},
   title = {Oncodrive-CIS: a method to reveal likely driver genes based on the impact of their copy number changes on expression},
   journal = {PLoS One},
   volume = {8},
   number = {2},
   pages = {e55489},
   ISSN = {1932-6203 (Electronic)
1932-6203 (Linking)},
   DOI = {10.1371/journal.pone.0055489},
   url = {https://www.ncbi.nlm.nih.gov/pubmed/23408991},
   year = {2013},
   type = {Journal Article}
}

@article{RN25,
   author = {Vogelstein, B. and Papadopoulos, N. and Velculescu, V. E. and Zhou, S. and Diaz, L. A., Jr. and Kinzler, K. W.},
   title = {Cancer genome landscapes},
   journal = {Science},
   volume = {339},
   number = {6127},
   pages = {1546-58},
   ISSN = {1095-9203 (Electronic)
0036-8075 (Linking)},
   DOI = {10.1126/science.1235122},
   url = {https://www.ncbi.nlm.nih.gov/pubmed/23539594},
   year = {2013},
   type = {Journal Article}
}

@article{RN169,
   author = {Watson, Ian R and Takahashi, Koichi and Futreal, P Andrew and Chin, Lynda},
   title = {Emerging patterns of somatic mutations in cancer},
   journal = {Nature reviews Genetics},
   volume = {14},
   number = {10},
   pages = {703-718},
   ISSN = {1471-0056},
   year = {2013},
   type = {Journal Article}
}

@article{RN194,
   author = {Zack, T. I. and Schumacher, S. E. and Carter, S. L. and Cherniack, A. D. and Saksena, G. and Tabak, B. and Lawrence, M. S. and Zhsng, C. Z. and Wala, J. and Mermel, C. H. and Sougnez, C. and Gabriel, S. B. and Hernandez, B. and Shen, H. and Laird, P. W. and Getz, G. and Meyerson, M. and Beroukhim, R.},
   title = {Pan-cancer patterns of somatic copy number alteration},
   journal = {Nat Genet},
   volume = {45},
   number = {10},
   pages = {1134-40},
   ISSN = {1546-1718 (Electronic)
1061-4036 (Linking)},
   DOI = {10.1038/ng.2760},
   url = {https://www.ncbi.nlm.nih.gov/pubmed/24071852},
   year = {2013},
   type = {Journal Article}
}

@article{RN157,
   author = {Bernau, C. and Riester, M. and Boulesteix, A. L. and Parmigiani, G. and Huttenhower, C. and Waldron, L. and Trippa, L.},
   title = {Cross-study validation for the assessment of prediction algorithms},
   journal = {Bioinformatics},
   volume = {30},
   number = {12},
   pages = {i105-12},
   ISSN = {1367-4811 (Electronic)
1367-4803 (Linking)},
   DOI = {10.1093/bioinformatics/btu279},
   url = {https://www.ncbi.nlm.nih.gov/pubmed/24931973},
   year = {2014},
   type = {Journal Article}
}

@article{RN49,
   author = {Ding, L. and Wendl, M. C. and McMichael, J. F. and Raphael, B. J.},
   title = {Expanding the computational toolbox for mining cancer genomes},
   journal = {Nat Rev Genet},
   volume = {15},
   number = {8},
   pages = {556-70},
   ISSN = {1471-0064 (Electronic)
1471-0056 (Linking)},
   DOI = {10.1038/nrg3767},
   url = {https://www.ncbi.nlm.nih.gov/pubmed/25001846},
   year = {2014},
   type = {Journal Article}
}

@article{RN193,
   author = {Gusev, A. and Lee, S. H. and Trynka, G. and Finucane, H. and Vilhjalmsson, B. J. and Xu, H. and Zang, C. and Ripke, S. and Bulik-Sullivan, B. and Stahl, E. and Schizophrenia Working Group of the Psychiatric Genomics, Consortium and Consortium, Swe-Scz and Kahler, A. K. and Hultman, C. M. and Purcell, S. M. and McCarroll, S. A. and Daly, M. and Pasaniuc, B. and Sullivan, P. F. and Neale, B. M. and Wray, N. R. and Raychaudhuri, S. and Price, A. L. and Schizophrenia Working Group of the Psychiatric Genomics, Consortium and Consortium, Swe-Scz},
   title = {Partitioning heritability of regulatory and cell-type-specific variants across 11 common diseases},
   journal = {Am J Hum Genet},
   volume = {95},
   number = {5},
   pages = {535-52},
   ISSN = {1537-6605 (Electronic)
0002-9297 (Linking)},
   DOI = {10.1016/j.ajhg.2014.10.004},
   url = {https://www.ncbi.nlm.nih.gov/pubmed/25439723},
   year = {2014},
   type = {Journal Article}
}

@article{RN64,
   author = {Helleday, T. and Eshtad, S. and Nik-Zainal, S.},
   title = {Mechanisms underlying mutational signatures in human cancers},
   journal = {Nat Rev Genet},
   volume = {15},
   number = {9},
   pages = {585-98},
   ISSN = {1471-0064 (Electronic)
1471-0056 (Linking)},
   DOI = {10.1038/nrg3729},
   url = {https://www.ncbi.nlm.nih.gov/pubmed/24981601},
   year = {2014},
   type = {Journal Article}
}

@article{RN81,
   author = {Hou, J. P. and Ma, J.},
   title = {DawnRank: discovering personalized driver genes in cancer},
   journal = {Genome Med},
   volume = {6},
   number = {7},
   pages = {56},
   ISSN = {1756-994X (Print)
1756-994X (Linking)},
   DOI = {10.1186/s13073-014-0056-8},
   url = {https://www.ncbi.nlm.nih.gov/pubmed/25177370},
   year = {2014},
   type = {Journal Article}
}

@article{RN87,
   author = {Jia, P. and Wang, Q. and Chen, Q. and Hutchinson, K. E. and Pao, W. and Zhao, Z.},
   title = {MSEA: detection and quantification of mutation hotspots through mutation set enrichment analysis},
   journal = {Genome Biol},
   volume = {15},
   number = {10},
   pages = {489},
   ISSN = {1474-760X (Electronic)
1474-7596 (Linking)},
   DOI = {10.1186/s13059-014-0489-9},
   url = {https://www.ncbi.nlm.nih.gov/pubmed/25348067},
   year = {2014},
   type = {Journal Article}
}

@article{RN34,
   author = {Kircher, M. and Witten, D. M. and Jain, P. and O'Roak, B. J. and Cooper, G. M. and Shendure, J.},
   title = {A general framework for estimating the relative pathogenicity of human genetic variants},
   journal = {Nat Genet},
   volume = {46},
   number = {3},
   pages = {310-5},
   ISSN = {1546-1718 (Electronic)
1061-4036 (Linking)},
   DOI = {10.1038/ng.2892},
   url = {https://www.ncbi.nlm.nih.gov/pubmed/24487276},
   year = {2014},
   type = {Journal Article}
}

@article{RN14,
   author = {Lawrence, M. S. and Stojanov, P. and Mermel, C. H. and Robinson, J. T. and Garraway, L. A. and Golub, T. R. and Meyerson, M. and Gabriel, S. B. and Lander, E. S. and Getz, G.},
   title = {Discovery and saturation analysis of cancer genes across 21 tumour types},
   journal = {Nature},
   volume = {505},
   number = {7484},
   pages = {495-501},
   ISSN = {1476-4687 (Electronic)
0028-0836 (Linking)},
   DOI = {10.1038/nature12912},
   url = {https://www.ncbi.nlm.nih.gov/pubmed/24390350},
   year = {2014},
   type = {Journal Article}
}

@article{RN134,
   author = {Martelotto, L. G. and Ng, C. K. and De Filippo, M. R. and Zhang, Y. and Piscuoglio, S. and Lim, R. S. and Shen, R. and Norton, L. and Reis-Filho, J. S. and Weigelt, B.},
   title = {Benchmarking mutation effect prediction algorithms using functionally validated cancer-related missense mutations},
   journal = {Genome Biol},
   volume = {15},
   number = {10},
   pages = {484},
   ISSN = {1474-760X (Electronic)
1474-7596 (Linking)},
   DOI = {10.1186/s13059-014-0484-1},
   url = {https://www.ncbi.nlm.nih.gov/pubmed/25348012},
   year = {2014},
   type = {Journal Article}
}

@article{RN136,
   author = {Molina-Vila, M. A. and Nabau-Moreto, N. and Tornador, C. and Sabnis, A. J. and Rosell, R. and Estivill, X. and Bivona, T. G. and Marino-Buslje, C.},
   title = {Activating mutations cluster in the "molecular brake" regions of protein kinases and do not associate with conserved or catalytic residues},
   journal = {Hum Mutat},
   volume = {35},
   number = {3},
   pages = {318-28},
   ISSN = {1098-1004 (Electronic)
1059-7794 (Linking)},
   DOI = {10.1002/humu.22493},
   url = {https://www.ncbi.nlm.nih.gov/pubmed/24323975},
   year = {2014},
   type = {Journal Article}
}

@article{RN130,
   author = {Nikolaev, S. and Santoni, F. and Garieri, M. and Makrythanasis, P. and Falconnet, E. and Guipponi, M. and Vannier, A. and Radovanovic, I. and Bena, F. and Forestier, F. and Schaller, K. and Dutoit, V. and Clement-Schatlo, V. and Dietrich, P. Y. and Antonarakis, S. E.},
   title = {Extrachromosomal driver mutations in glioblastoma and low-grade glioma},
   journal = {Nat Commun},
   volume = {5},
   pages = {5690},
   ISSN = {2041-1723 (Electronic)
2041-1723 (Linking)},
   DOI = {10.1038/ncomms6690},
   url = {https://www.ncbi.nlm.nih.gov/pubmed/25471132},
   year = {2014},
   type = {Journal Article}
}

@article{RN161,
   author = {Papa, A. and Wan, L. and Bonora, M. and Salmena, L. and Song, M. S. and Hobbs, R. M. and Lunardi, A. and Webster, K. and Ng, C. and Newton, R. H. and Knoblauch, N. and Guarnerio, J. and Ito, K. and Turka, L. A. and Beck, A. H. and Pinton, P. and Bronson, R. T. and Wei, W. and Pandolfi, P. P.},
   title = {Cancer-associated PTEN mutants act in a dominant-negative manner to suppress PTEN protein function},
   journal = {Cell},
   volume = {157},
   number = {3},
   pages = {595-610},
   ISSN = {1097-4172 (Electronic)
0092-8674 (Linking)},
   DOI = {10.1016/j.cell.2014.03.027},
   url = {https://www.ncbi.nlm.nih.gov/pubmed/24766807},
   year = {2014},
   type = {Journal Article}
}

@article{RN158,
   author = {Parmigiani, G. and Boca, S. and Ding, J. and Trippa, L.},
   title = {Statistical tools and R software for cancer driver probabilities},
   journal = {Methods Mol Biol},
   volume = {1101},
   pages = {113-34},
   ISSN = {1940-6029 (Electronic)
1064-3745 (Linking)},
   DOI = {10.1007/978-1-62703-721-1_7},
   url = {https://www.ncbi.nlm.nih.gov/pubmed/24233780},
   year = {2014},
   type = {Journal Article}
}

@article{RN153,
   author = {Porta-Pardo, E. and Godzik, A.},
   title = {e-Driver: a novel method to identify protein regions driving cancer},
   journal = {Bioinformatics},
   volume = {30},
   number = {21},
   pages = {3109-14},
   ISSN = {1367-4811 (Electronic)
1367-4803 (Linking)},
   DOI = {10.1093/bioinformatics/btu499},
   url = {https://www.ncbi.nlm.nih.gov/pubmed/25064568},
   year = {2014},
   type = {Journal Article}
}

@article{RN178,
   author = {Pritchard, Colin C and Salipante, Stephen J and Koehler, Karen and Smith, Christina and Scroggins, Sheena and Wood, Brent and Wu, David and Lee, Ming K and Dintzis, Suzanne and Adey, Andrew},
   title = {Validation and implementation of targeted capture and sequencing for the detection of actionable mutation, copy number variation, and gene rearrangement in clinical cancer specimens},
   journal = {The Journal of Molecular Diagnostics},
   volume = {16},
   number = {1},
   pages = {56-67},
   ISSN = {1525-1578},
   year = {2014},
   type = {Journal Article}
}

@article{RN47,
   author = {Raphael, B. J. and Dobson, J. R. and Oesper, L. and Vandin, F.},
   title = {Identifying driver mutations in sequenced cancer genomes: computational approaches to enable precision medicine},
   journal = {Genome Med},
   volume = {6},
   number = {1},
   pages = {5},
   ISSN = {1756-994X (Print)
1756-994X (Linking)},
   DOI = {10.1186/gm524},
   url = {https://www.ncbi.nlm.nih.gov/pubmed/24479672},
   year = {2014},
   type = {Journal Article}
}

@article{RN152,
   author = {Ryslik, G. A. and Cheng, Y. and Cheung, K. H. and Bjornson, R. D. and Zelterman, D. and Modis, Y. and Zhao, H.},
   title = {A spatial simulation approach to account for protein structure when identifying non-random somatic mutations},
   journal = {BMC Bioinformatics},
   volume = {15},
   pages = {231},
   ISSN = {1471-2105 (Electronic)
1471-2105 (Linking)},
   DOI = {10.1186/1471-2105-15-231},
   url = {https://www.ncbi.nlm.nih.gov/pubmed/24990767},
   year = {2014},
   type = {Journal Article}
}

@article{RN151,
   author = {Ryslik, G. A. and Cheng, Y. and Cheung, K. H. and Modis, Y. and Zhao, H.},
   title = {A graph theoretic approach to utilizing protein structure to identify non-random somatic mutations},
   journal = {BMC Bioinformatics},
   volume = {15},
   pages = {86},
   ISSN = {1471-2105 (Electronic)
1471-2105 (Linking)},
   DOI = {10.1186/1471-2105-15-86},
   url = {https://www.ncbi.nlm.nih.gov/pubmed/24669769},
   year = {2014},
   type = {Journal Article}
}

@article{RN88,
   author = {Schroeder, M. P. and Rubio-Perez, C. and Tamborero, D. and Gonzalez-Perez, A. and Lopez-Bigas, N.},
   title = {OncodriveROLE classifies cancer driver genes in loss of function and activating mode of action},
   journal = {Bioinformatics},
   volume = {30},
   number = {17},
   pages = {i549-55},
   ISSN = {1367-4811 (Electronic)
1367-4803 (Linking)},
   DOI = {10.1093/bioinformatics/btu467},
   url = {https://www.ncbi.nlm.nih.gov/pubmed/25161246},
   year = {2014},
   type = {Journal Article}
}

@article{RN58,
   author = {Van Allen, E. M. and Mouw, K. W. and Kim, P. and Iyer, G. and Wagle, N. and Al-Ahmadie, H. and Zhu, C. and Ostrovnaya, I. and Kryukov, G. V. and O'Connor, K. W. and Sfakianos, J. and Garcia-Grossman, I. and Kim, J. and Guancial, E. A. and Bambury, R. and Bahl, S. and Gupta, N. and Farlow, D. and Qu, A. and Signoretti, S. and Barletta, J. A. and Reuter, V. and Boehm, J. and Lawrence, M. and Getz, G. and Kantoff, P. and Bochner, B. H. and Choueiri, T. K. and Bajorin, D. F. and Solit, D. B. and Gabriel, S. and D'Andrea, A. and Garraway, L. A. and Rosenberg, J. E.},
   title = {Somatic ERCC2 mutations correlate with cisplatin sensitivity in muscle-invasive urothelial carcinoma},
   journal = {Cancer Discov},
   volume = {4},
   number = {10},
   pages = {1140-53},
   ISSN = {2159-8290 (Electronic)
2159-8274 (Linking)},
   DOI = {10.1158/2159-8290.CD-14-0623},
   url = {https://www.ncbi.nlm.nih.gov/pubmed/25096233},
   year = {2014},
   type = {Journal Article}
}

@article{RN170,
   author = {Van Allen, E. M. and Wagle, N. and Stojanov, P. and Perrin, D. L. and Cibulskis, K. and Marlow, S. and Jane-Valbuena, J. and Friedrich, D. C. and Kryukov, G. and Carter, S. L. and McKenna, A. and Sivachenko, A. and Rosenberg, M. and Kiezun, A. and Voet, D. and Lawrence, M. and Lichtenstein, L. T. and Gentry, J. G. and Huang, F. W. and Fostel, J. and Farlow, D. and Barbie, D. and Gandhi, L. and Lander, E. S. and Gray, S. W. and Joffe, S. and Janne, P. and Garber, J. and MacConaill, L. and Lindeman, N. and Rollins, B. and Kantoff, P. and Fisher, S. A. and Gabriel, S. and Getz, G. and Garraway, L. A.},
   title = {Whole-exome sequencing and clinical interpretation of formalin-fixed, paraffin-embedded tumor samples to guide precision cancer medicine},
   journal = {Nat Med},
   volume = {20},
   number = {6},
   pages = {682-8},
   ISSN = {1546-170X (Electronic)
1078-8956 (Linking)},
   DOI = {10.1038/nm.3559},
   url = {https://www.ncbi.nlm.nih.gov/pubmed/24836576},
   year = {2014},
   type = {Journal Article}
}

@article{RN84,
   author = {Bertrand, D. and Chng, K. R. and Sherbaf, F. G. and Kiesel, A. and Chia, B. K. and Sia, Y. Y. and Huang, S. K. and Hoon, D. S. and Liu, E. T. and Hillmer, A. and Nagarajan, N.},
   title = {Patient-specific driver gene prediction and risk assessment through integrated network analysis of cancer omics profiles},
   journal = {Nucleic Acids Res},
   volume = {43},
   number = {7},
   pages = {e44},
   ISSN = {1362-4962 (Electronic)
0305-1048 (Linking)},
   DOI = {10.1093/nar/gku1393},
   url = {https://www.ncbi.nlm.nih.gov/pubmed/25572314},
   year = {2015},
   type = {Journal Article}
}

@article{RN180,
   author = {Creixell, P. and Reimand, J. and Haider, S. and Wu, G. and Shibata, T. and Vazquez, M. and Mustonen, V. and Gonzalez-Perez, A. and Pearson, J. and Sander, C. and Raphael, B. J. and Marks, D. S. and Ouellette, B. F. F. and Valencia, A. and Bader, G. D. and Boutros, P. C. and Stuart, J. M. and Linding, R. and Lopez-Bigas, N. and Stein, L. D. and Mutation, Consequences and Pathway Analysis Working Group of the International Cancer Genome, Consortium},
   title = {Pathway and network analysis of cancer genomes},
   journal = {Nat Methods},
   volume = {12},
   number = {7},
   pages = {615-621},
   ISSN = {1548-7105 (Electronic)
1548-7091 (Linking)},
   DOI = {10.1038/nmeth.3440},
   url = {https://www.ncbi.nlm.nih.gov/pubmed/26125594},
   year = {2015},
   type = {Journal Article}
}

@article{RN186,
   author = {Gagan, Jeffrey and Van Allen, Eliezer M},
   title = {Next-generation sequencing to guide cancer therapy},
   journal = {Genome medicine},
   volume = {7},
   number = {1},
   pages = {80},
   ISSN = {1756-994X},
   year = {2015},
   type = {Journal Article}
}

@article{RN129,
   author = {Gossage, L. and Eisen, T. and Maher, E. R.},
   title = {VHL, the story of a tumour suppressor gene},
   journal = {Nat Rev Cancer},
   volume = {15},
   number = {1},
   pages = {55-64},
   ISSN = {1474-1768 (Electronic)
1474-175X (Linking)},
   DOI = {10.1038/nrc3844},
   url = {https://www.ncbi.nlm.nih.gov/pubmed/25533676},
   year = {2015},
   type = {Journal Article}
}

@article{RN138,
   author = {Grimm, D. G. and Azencott, C. A. and Aicheler, F. and Gieraths, U. and MacArthur, D. G. and Samocha, K. E. and Cooper, D. N. and Stenson, P. D. and Daly, M. J. and Smoller, J. W. and Duncan, L. E. and Borgwardt, K. M.},
   title = {The evaluation of tools used to predict the impact of missense variants is hindered by two types of circularity},
   journal = {Hum Mutat},
   volume = {36},
   number = {5},
   pages = {513-23},
   ISSN = {1098-1004 (Electronic)
1059-7794 (Linking)},
   DOI = {10.1002/humu.22768},
   url = {https://www.ncbi.nlm.nih.gov/pubmed/25684150},
   year = {2015},
   type = {Journal Article}
}

@article{RN105,
   author = {Kamburov, A. and Lawrence, M. S. and Polak, P. and Leshchiner, I. and Lage, K. and Golub, T. R. and Lander, E. S. and Getz, G.},
   title = {Comprehensive assessment of cancer missense mutation clustering in protein structures},
   journal = {Proc Natl Acad Sci U S A},
   volume = {112},
   number = {40},
   pages = {E5486-95},
   ISSN = {1091-6490 (Electronic)
0027-8424 (Linking)},
   DOI = {10.1073/pnas.1516373112},
   url = {https://www.ncbi.nlm.nih.gov/pubmed/26392535},
   year = {2015},
   type = {Journal Article}
}

@article{RN99,
   author = {Kumar, R. D. and Searleman, A. C. and Swamidass, S. J. and Griffith, O. L. and Bose, R.},
   title = {Statistically identifying tumor suppressors and oncogenes from pan-cancer genome-sequencing data},
   journal = {Bioinformatics},
   volume = {31},
   number = {22},
   pages = {3561-8},
   ISSN = {1367-4811 (Electronic)
1367-4803 (Linking)},
   DOI = {10.1093/bioinformatics/btv430},
   url = {https://www.ncbi.nlm.nih.gov/pubmed/26209800},
   year = {2015},
   type = {Journal Article}
}

@article{RN80,
   author = {Logsdon, B. A. and Gentles, A. J. and Miller, C. P. and Blau, C. A. and Becker, P. S. and Lee, S. I.},
   title = {Sparse expression bases in cancer reveal tumor drivers},
   journal = {Nucleic Acids Res},
   volume = {43},
   number = {3},
   pages = {1332-44},
   ISSN = {1362-4962 (Electronic)
0305-1048 (Linking)},
   DOI = {10.1093/nar/gku1290},
   url = {https://www.ncbi.nlm.nih.gov/pubmed/25583238},
   year = {2015},
   type = {Journal Article}
}

@article{RN110,
   author = {Miller, M. L. and Reznik, E. and Gauthier, N. P. and Aksoy, B. A. and Korkut, A. and Gao, J. and Ciriello, G. and Schultz, N. and Sander, C.},
   title = {Pan-Cancer Analysis of Mutation Hotspots in Protein Domains},
   journal = {Cell Syst},
   volume = {1},
   number = {3},
   pages = {197-209},
   ISSN = {2405-4712 (Print)
2405-4712 (Linking)},
   DOI = {10.1016/j.cels.2015.08.014},
   url = {https://www.ncbi.nlm.nih.gov/pubmed/27135912},
   year = {2015},
   type = {Journal Article}
}

@article{RN45,
   author = {Porta-Pardo, E. and Garcia-Alonso, L. and Hrabe, T. and Dopazo, J. and Godzik, A.},
   title = {A Pan-Cancer Catalogue of Cancer Driver Protein Interaction Interfaces},
   journal = {PLoS Comput Biol},
   volume = {11},
   number = {10},
   pages = {e1004518},
   ISSN = {1553-7358 (Electronic)
1553-734X (Linking)},
   DOI = {10.1371/journal.pcbi.1004518},
   url = {https://www.ncbi.nlm.nih.gov/pubmed/26485003},
   year = {2015},
   type = {Journal Article}
}

@article{RN175,
   author = {Schulze, Kornelius and Imbeaud, Sandrine and Letouzé, Eric and Alexandrov, Ludmil B and Calderaro, Julien and Rebouissou, Sandra and Couchy, Gabrielle and Meiller, Clément and Shinde, Jayendra and Soysouvanh, Frederic},
   title = {Exome sequencing of hepatocellular carcinomas identifies new mutational signatures and potential therapeutic targets},
   journal = {Nature genetics},
   volume = {47},
   number = {5},
   pages = {505-511},
   ISSN = {1061-4036},
   year = {2015},
   type = {Journal Article}
}

@article{RN191,
   author = {Skoulidis, F. and Byers, L. A. and Diao, L. and Papadimitrakopoulou, V. A. and Tong, P. and Izzo, J. and Behrens, C. and Kadara, H. and Parra, E. R. and Canales, J. R. and Zhang, J. and Giri, U. and Gudikote, J. and Cortez, M. A. and Yang, C. and Fan, Y. and Peyton, M. and Girard, L. and Coombes, K. R. and Toniatti, C. and Heffernan, T. P. and Choi, M. and Frampton, G. M. and Miller, V. and Weinstein, J. N. and Herbst, R. S. and Wong, K. K. and Zhang, J. and Sharma, P. and Mills, G. B. and Hong, W. K. and Minna, J. D. and Allison, J. P. and Futreal, A. and Wang, J. and Wistuba, II and Heymach, J. V.},
   title = {Co-occurring genomic alterations define major subsets of KRAS-mutant lung adenocarcinoma with distinct biology, immune profiles, and therapeutic vulnerabilities},
   journal = {Cancer Discov},
   volume = {5},
   number = {8},
   pages = {860-77},
   ISSN = {2159-8290 (Electronic)
2159-8274 (Linking)},
   DOI = {10.1158/2159-8290.CD-14-1236},
   url = {https://www.ncbi.nlm.nih.gov/pubmed/26069186},
   year = {2015},
   type = {Journal Article}
}

@article{RN73,
   author = {Supek, F. and Lehner, B.},
   title = {Differential DNA mismatch repair underlies mutation rate variation across the human genome},
   journal = {Nature},
   volume = {521},
   number = {7550},
   pages = {81-4},
   ISSN = {1476-4687 (Electronic)
0028-0836 (Linking)},
   DOI = {10.1038/nature14173},
   url = {https://www.ncbi.nlm.nih.gov/pubmed/25707793},
   year = {2015},
   type = {Journal Article}
}

@article{RN27,
   author = {Tomasetti, C. and Marchionni, L. and Nowak, M. A. and Parmigiani, G. and Vogelstein, B.},
   title = {Only three driver gene mutations are required for the development of lung and colorectal cancers},
   journal = {Proc Natl Acad Sci U S A},
   volume = {112},
   number = {1},
   pages = {118-23},
   ISSN = {1091-6490 (Electronic)
0027-8424 (Linking)},
   DOI = {10.1073/pnas.1421839112},
   url = {https://www.ncbi.nlm.nih.gov/pubmed/25535351},
   year = {2015},
   type = {Journal Article}
}

@article{RN46,
   author = {Yang, F. and Petsalaki, E. and Rolland, T. and Hill, D. E. and Vidal, M. and Roth, F. P.},
   title = {Protein domain-level landscape of cancer-type-specific somatic mutations},
   journal = {PLoS Comput Biol},
   volume = {11},
   number = {3},
   pages = {e1004147},
   ISSN = {1553-7358 (Electronic)
1553-734X (Linking)},
   DOI = {10.1371/journal.pcbi.1004147},
   url = {https://www.ncbi.nlm.nih.gov/pubmed/25794154},
   year = {2015},
   type = {Journal Article}
}

@article{RN195,
   author = {Yoshihara, K. and Wang, Q. and Torres-Garcia, W. and Zheng, S. and Vegesna, R. and Kim, H. and Verhaak, R. G.},
   title = {The landscape and therapeutic relevance of cancer-associated transcript fusions},
   journal = {Oncogene},
   volume = {34},
   number = {37},
   pages = {4845-54},
   ISSN = {1476-5594 (Electronic)
0950-9232 (Linking)},
   DOI = {10.1038/onc.2014.406},
   url = {https://www.ncbi.nlm.nih.gov/pubmed/25500544},
   year = {2015},
   type = {Journal Article}
}

@article{RN55,
   author = {Araya, C. L. and Cenik, C. and Reuter, J. A. and Kiss, G. and Pande, V. S. and Snyder, M. P. and Greenleaf, W. J.},
   title = {Identification of significantly mutated regions across cancer types highlights a rich landscape of functional molecular alterations},
   journal = {Nat Genet},
   volume = {48},
   number = {2},
   pages = {117-25},
   ISSN = {1546-1718 (Electronic)
1061-4036 (Linking)},
   DOI = {10.1038/ng.3471},
   url = {https://www.ncbi.nlm.nih.gov/pubmed/26691984},
   year = {2016},
   type = {Journal Article}
}

@article{RN141,
   author = {Berger, A. H. and Brooks, A. N. and Wu, X. and Shrestha, Y. and Chouinard, C. and Piccioni, F. and Bagul, M. and Kamburov, A. and Imielinski, M. and Hogstrom, L. and Zhu, C. and Yang, X. and Pantel, S. and Sakai, R. and Watson, J. and Kaplan, N. and Campbell, J. D. and Singh, S. and Root, D. E. and Narayan, R. and Natoli, T. and Lahr, D. L. and Tirosh, I. and Tamayo, P. and Getz, G. and Wong, B. and Doench, J. and Subramanian, A. and Golub, T. R. and Meyerson, M. and Boehm, J. S.},
   title = {High-throughput Phenotyping of Lung Cancer Somatic Mutations},
   journal = {Cancer Cell},
   volume = {30},
   number = {2},
   pages = {214-228},
   ISSN = {1878-3686 (Electronic)
1535-6108 (Linking)},
   DOI = {10.1016/j.ccell.2016.06.022},
   url = {https://www.ncbi.nlm.nih.gov/pubmed/27478040},
   year = {2016},
   type = {Journal Article}
}

@article{RN198,
   author = {Brenan, L. and Andreev, A. and Cohen, O. and Pantel, S. and Kamburov, A. and Cacchiarelli, D. and Persky, N. S. and Zhu, C. and Bagul, M. and Goetz, E. M. and Burgin, A. B. and Garraway, L. A. and Getz, G. and Mikkelsen, T. S. and Piccioni, F. and Root, D. E. and Johannessen, C. M.},
   title = {Phenotypic Characterization of a Comprehensive Set of MAPK1/ERK2 Missense Mutants},
   journal = {Cell Rep},
   volume = {17},
   number = {4},
   pages = {1171-1183},
   ISSN = {2211-1247 (Electronic)},
   DOI = {10.1016/j.celrep.2016.09.061},
   url = {https://www.ncbi.nlm.nih.gov/pubmed/27760319},
   year = {2016},
   type = {Journal Article}
}

@article{RN16,
   author = {Chang, M. T. and Asthana, S. and Gao, S. P. and Lee, B. H. and Chapman, J. S. and Kandoth, C. and Gao, J. and Socci, N. D. and Solit, D. B. and Olshen, A. B. and Schultz, N. and Taylor, B. S.},
   title = {Identifying recurrent mutations in cancer reveals widespread lineage diversity and mutational specificity},
   journal = {Nat Biotechnol},
   volume = {34},
   number = {2},
   pages = {155-63},
   ISSN = {1546-1696 (Electronic)
1087-0156 (Linking)},
   DOI = {10.1038/nbt.3391},
   url = {https://www.ncbi.nlm.nih.gov/pubmed/26619011},
   year = {2016},
   type = {Journal Article}
}

@article{RN62,
   author = {Chen, T. and Wang, Z. and Zhou, W. and Chong, Z. and Meric-Bernstam, F. and Mills, G. B. and Chen, K.},
   title = {Hotspot mutations delineating diverse mutational signatures and biological utilities across cancer types},
   journal = {BMC Genomics},
   volume = {17 Suppl 2},
   pages = {394},
   ISSN = {1471-2164 (Electronic)
1471-2164 (Linking)},
   DOI = {10.1186/s12864-016-2727-x},
   url = {https://www.ncbi.nlm.nih.gov/pubmed/27356755},
   year = {2016},
   type = {Journal Article}
}

@article{RN77,
   author = {Cheng, F. and Zhao, J. and Zhao, Z.},
   title = {Advances in computational approaches for prioritizing driver mutations and significantly mutated genes in cancer genomes},
   journal = {Brief Bioinform},
   volume = {17},
   number = {4},
   pages = {642-56},
   ISSN = {1477-4054 (Electronic)
1467-5463 (Linking)},
   DOI = {10.1093/bib/bbv068},
   url = {https://www.ncbi.nlm.nih.gov/pubmed/26307061},
   year = {2016},
   type = {Journal Article}
}

@article{RN32,
   author = {Ioannidis, N. M. and Rothstein, J. H. and Pejaver, V. and Middha, S. and McDonnell, S. K. and Baheti, S. and Musolf, A. and Li, Q. and Holzinger, E. and Karyadi, D. and Cannon-Albright, L. A. and Teerlink, C. C. and Stanford, J. L. and Isaacs, W. B. and Xu, J. and Cooney, K. A. and Lange, E. M. and Schleutker, J. and Carpten, J. D. and Powell, I. J. and Cussenot, O. and Cancel-Tassin, G. and Giles, G. G. and MacInnis, R. J. and Maier, C. and Hsieh, C. L. and Wiklund, F. and Catalona, W. J. and Foulkes, W. D. and Mandal, D. and Eeles, R. A. and Kote-Jarai, Z. and Bustamante, C. D. and Schaid, D. J. and Hastie, T. and Ostrander, E. A. and Bailey-Wilson, J. E. and Radivojac, P. and Thibodeau, S. N. and Whittemore, A. S. and Sieh, W.},
   title = {REVEL: An Ensemble Method for Predicting the Pathogenicity of Rare Missense Variants},
   journal = {Am J Hum Genet},
   volume = {99},
   number = {4},
   pages = {877-885},
   ISSN = {1537-6605 (Electronic)
0002-9297 (Linking)},
   DOI = {10.1016/j.ajhg.2016.08.016},
   url = {https://www.ncbi.nlm.nih.gov/pubmed/27666373},
   year = {2016},
   type = {Journal Article}
}

@article{RN179,
   author = {Ionita-Laza, Iuliana and McCallum, Kenneth and Xu, Bin and BUXBAUM, JOSEPH},
   title = {A spectral approach integrating functional genomic annotations for coding and noncoding variants},
   journal = {Nature genetics},
   volume = {48},
   number = {2},
   pages = {214},
   year = {2016},
   type = {Journal Article}
}

@article{RN33,
   author = {Jagadeesh, K. A. and Wenger, A. M. and Berger, M. J. and Guturu, H. and Stenson, P. D. and Cooper, D. N. and Bernstein, J. A. and Bejerano, G.},
   title = {M-CAP eliminates a majority of variants of uncertain significance in clinical exomes at high sensitivity},
   journal = {Nat Genet},
   volume = {48},
   number = {12},
   pages = {1581-1586},
   ISSN = {1546-1718 (Electronic)
1061-4036 (Linking)},
   DOI = {10.1038/ng.3703},
   url = {https://www.ncbi.nlm.nih.gov/pubmed/27776117},
   year = {2016},
   type = {Journal Article}
}

@article{RN149,
   author = {Jeong, A. L. and Han, S. and Lee, S. and Su Park, J. and Lu, Y. and Yu, S. and Li, J. and Chun, K. H. and Mills, G. B. and Yang, Y.},
   title = {Patient derived mutation W257G of PPP2R1A enhances cancer cell migration through SRC-JNK-c-Jun pathway},
   journal = {Sci Rep},
   volume = {6},
   pages = {27391},
   ISSN = {2045-2322 (Electronic)
2045-2322 (Linking)},
   DOI = {10.1038/srep27391},
   url = {https://www.ncbi.nlm.nih.gov/pubmed/27272709},
   year = {2016},
   type = {Journal Article}
}

@article{RN143,
   author = {Kim, E. and Ilic, N. and Shrestha, Y. and Zou, L. and Kamburov, A. and Zhu, C. and Yang, X. and Lubonja, R. and Tran, N. and Nguyen, C. and Lawrence, M. S. and Piccioni, F. and Bagul, M. and Doench, J. G. and Chouinard, C. R. and Wu, X. and Hogstrom, L. and Natoli, T. and Tamayo, P. and Horn, H. and Corsello, S. M. and Lage, K. and Root, D. E. and Subramanian, A. and Golub, T. R. and Getz, G. and Boehm, J. S. and Hahn, W. C.},
   title = {Systematic Functional Interrogation of Rare Cancer Variants Identifies Oncogenic Alleles},
   journal = {Cancer Discov},
   volume = {6},
   number = {7},
   pages = {714-26},
   ISSN = {2159-8290 (Electronic)
2159-8274 (Linking)},
   DOI = {10.1158/2159-8290.CD-16-0160},
   url = {https://www.ncbi.nlm.nih.gov/pubmed/27147599},
   year = {2016},
   type = {Journal Article}
}

@article{RN35,
   author = {Kumar, R. D. and Swamidass, S. J. and Bose, R.},
   title = {Unsupervised detection of cancer driver mutations with parsimony-guided learning},
   journal = {Nat Genet},
   volume = {48},
   number = {10},
   pages = {1288-94},
   ISSN = {1546-1718 (Electronic)
1061-4036 (Linking)},
   DOI = {10.1038/ng.3658},
   url = {https://www.ncbi.nlm.nih.gov/pubmed/27618449},
   year = {2016},
   type = {Journal Article}
}

@article{RN168,
   author = {Lek, Monkol and Karczewski, Konrad and Minikel, Eric and Samocha, Kaitlin and Banks, Eric and Fennell, Timothy and O'Donnell-Luria, Anne and Ware, James and Hill, Andrew and Cummings, Beryl},
   title = {Analysis of protein-coding genetic variation in 60,706 humans},
   journal = {BioRxiv},
   pages = {030338},
   year = {2016},
   type = {Journal Article}
}

@article{RN155,
   author = {Melloni, G. E. and de Pretis, S. and Riva, L. and Pelizzola, M. and Ceol, A. and Costanza, J. and Muller, H. and Zammataro, L.},
   title = {LowMACA: exploiting protein family analysis for the identification of rare driver mutations in cancer},
   journal = {BMC Bioinformatics},
   volume = {17},
   pages = {80},
   ISSN = {1471-2105 (Electronic)
1471-2105 (Linking)},
   DOI = {10.1186/s12859-016-0935-7},
   url = {https://www.ncbi.nlm.nih.gov/pubmed/26860319},
   year = {2016},
   type = {Journal Article}
}

@article{RN150,
   author = {Meszaros, B. and Zeke, A. and Remenyi, A. and Simon, I. and Dosztanyi, Z.},
   title = {Systematic analysis of somatic mutations driving cancer: uncovering functional protein regions in disease development},
   journal = {Biol Direct},
   volume = {11},
   pages = {23},
   ISSN = {1745-6150 (Electronic)
1745-6150 (Linking)},
   DOI = {10.1186/s13062-016-0125-6},
   url = {https://www.ncbi.nlm.nih.gov/pubmed/27150584},
   year = {2016},
   type = {Journal Article}
}

@article{RN131,
   author = {Meyer, M. J. and Lapcevic, R. and Romero, A. E. and Yoon, M. and Das, J. and Beltran, J. F. and Mort, M. and Stenson, P. D. and Cooper, D. N. and Paccanaro, A. and Yu, H.},
   title = {mutation3D: Cancer Gene Prediction Through Atomic Clustering of Coding Variants in the Structural Proteome},
   journal = {Hum Mutat},
   volume = {37},
   number = {5},
   pages = {447-56},
   ISSN = {1098-1004 (Electronic)
1059-7794 (Linking)},
   DOI = {10.1002/humu.22963},
   url = {https://www.ncbi.nlm.nih.gov/pubmed/26841357},
   year = {2016},
   type = {Journal Article}
}

@article{RN86,
   author = {Mularoni, L. and Sabarinathan, R. and Deu-Pons, J. and Gonzalez-Perez, A. and Lopez-Bigas, N.},
   title = {OncodriveFML: a general framework to identify coding and non-coding regions with cancer driver mutations},
   journal = {Genome Biol},
   volume = {17},
   number = {1},
   pages = {128},
   ISSN = {1474-760X (Electronic)
1474-7596 (Linking)},
   DOI = {10.1186/s13059-016-0994-0},
   url = {https://www.ncbi.nlm.nih.gov/pubmed/27311963},
   year = {2016},
   type = {Journal Article}
}

@article{RN176,
   author = {Nik-Zainal, Serena and Davies, Helen and Staaf, Johan and Ramakrishna, Manasa and Glodzik, Dominik and Zou, Xueqing and Martincorena, Inigo and Alexandrov, Ludmil B and Martin, Sancha and Wedge, David C},
   title = {Landscape of somatic mutations in 560 breast cancer whole-genome sequences},
   journal = {Nature},
   volume = {534},
   number = {7605},
   pages = {47-54},
   ISSN = {0028-0836},
   year = {2016},
   type = {Journal Article}
}

@article{RN132,
   author = {Niu, B. and Scott, A. D. and Sengupta, S. and Bailey, M. H. and Batra, P. and Ning, J. and Wyczalkowski, M. A. and Liang, W. W. and Zhang, Q. and McLellan, M. D. and Sun, S. Q. and Tripathi, P. and Lou, C. and Ye, K. and Mashl, R. J. and Wallis, J. and Wendl, M. C. and Chen, F. and Ding, L.},
   title = {Protein-structure-guided discovery of functional mutations across 19 cancer types},
   journal = {Nat Genet},
   volume = {48},
   number = {8},
   pages = {827-37},
   ISSN = {1546-1718 (Electronic)
1061-4036 (Linking)},
   DOI = {10.1038/ng.3586},
   url = {https://www.ncbi.nlm.nih.gov/pubmed/27294619},
   year = {2016},
   type = {Journal Article}
}

@article{RN76,
   author = {Rettig, E. M. and Talbot, C. C., Jr. and Sausen, M. and Jones, S. and Bishop, J. A. and Wood, L. D. and Tokheim, C. and Niknafs, N. and Karchin, R. and Fertig, E. J. and Wheelan, S. J. and Marchionni, L. and Considine, M. and Fakhry, C. and Papadopoulos, N. and Kinzler, K. W. and Vogelstein, B. and Ha, P. K. and Agrawal, N.},
   title = {Whole-Genome Sequencing of Salivary Gland Adenoid Cystic Carcinoma},
   journal = {Cancer Prev Res (Phila)},
   volume = {9},
   number = {4},
   pages = {265-74},
   ISSN = {1940-6215 (Electronic)
1940-6215 (Linking)},
   DOI = {10.1158/1940-6207.CAPR-15-0316},
   url = {https://www.ncbi.nlm.nih.gov/pubmed/26862087},
   year = {2016},
   type = {Journal Article}
}

@article{RN72,
   author = {Sabarinathan, R. and Mularoni, L. and Deu-Pons, J. and Gonzalez-Perez, A. and Lopez-Bigas, N.},
   title = {Nucleotide excision repair is impaired by binding of transcription factors to DNA},
   journal = {Nature},
   volume = {532},
   number = {7598},
   pages = {264-7},
   ISSN = {1476-4687 (Electronic)
0028-0836 (Linking)},
   DOI = {10.1038/nature17661},
   url = {https://www.ncbi.nlm.nih.gov/pubmed/27075101},
   year = {2016},
   type = {Journal Article}
}

@article{RN60,
   author = {Tokheim, C. and Bhattacharya, R. and Niknafs, N. and Gygax, D. M. and Kim, R. and Ryan, M. and Masica, D. L. and Karchin, R.},
   title = {Exome-Scale Discovery of Hotspot Mutation Regions in Human Cancer Using 3D Protein Structure},
   journal = {Cancer Res},
   volume = {76},
   number = {13},
   pages = {3719-31},
   ISSN = {1538-7445 (Electronic)
0008-5472 (Linking)},
   DOI = {10.1158/0008-5472.CAN-15-3190},
   url = {https://www.ncbi.nlm.nih.gov/pubmed/27197156},
   year = {2016},
   type = {Journal Article}
}

@article{RN70,
   author = {Tokheim, C. J. and Papadopoulos, N. and Kinzler, K. W. and Vogelstein, B. and Karchin, R.},
   title = {Evaluating the evaluation of cancer driver genes},
   journal = {Proc Natl Acad Sci U S A},
   volume = {113},
   number = {50},
   pages = {14330-14335},
   ISSN = {1091-6490 (Electronic)
0027-8424 (Linking)},
   DOI = {10.1073/pnas.1616440113},
   url = {https://www.ncbi.nlm.nih.gov/pubmed/27911828},
   year = {2016},
   type = {Journal Article}
}

@article{RN163,
   author = {Yeh, C. H. and Bellon, M. and Pancewicz-Wojtkiewicz, J. and Nicot, C.},
   title = {Oncogenic mutations in the FBXW7 gene of adult T-cell leukemia patients},
   journal = {Proc Natl Acad Sci U S A},
   volume = {113},
   number = {24},
   pages = {6731-6},
   ISSN = {1091-6490 (Electronic)
0027-8424 (Linking)},
   DOI = {10.1073/pnas.1601537113},
   url = {https://www.ncbi.nlm.nih.gov/pubmed/27247421},
   year = {2016},
   type = {Journal Article}
}

@article{RN67,
   author = {Campbell, B. B. and Light, N. and Fabrizio, D. and Zatzman, M. and Fuligni, F. and de Borja, R. and Davidson, S. and Edwards, M. and Elvin, J. A. and Hodel, K. P. and Zahurancik, W. J. and Suo, Z. and Lipman, T. and Wimmer, K. and Kratz, C. P. and Bowers, D. C. and Laetsch, T. W. and Dunn, G. P. and Johanns, T. M. and Grimmer, M. R. and Smirnov, I. V. and Larouche, V. and Samuel, D. and Bronsema, A. and Osborn, M. and Stearns, D. and Raman, P. and Cole, K. A. and Storm, P. B. and Yalon, M. and Opocher, E. and Mason, G. and Thomas, G. A. and Sabel, M. and George, B. and Ziegler, D. S. and Lindhorst, S. and Issai, V. M. and Constantini, S. and Toledano, H. and Elhasid, R. and Farah, R. and Dvir, R. and Dirks, P. and Huang, A. and Galati, M. A. and Chung, J. and Ramaswamy, V. and Irwin, M. S. and Aronson, M. and Durno, C. and Taylor, M. D. and Rechavi, G. and Maris, J. M. and Bouffet, E. and Hawkins, C. and Costello, J. F. and Meyn, M. S. and Pursell, Z. F. and Malkin, D. and Tabori, U. and Shlien, A.},
   title = {Comprehensive Analysis of Hypermutation in Human Cancer},
   journal = {Cell},
   volume = {171},
   number = {5},
   pages = {1042-1056 e10},
   ISSN = {1097-4172 (Electronic)
0092-8674 (Linking)},
   DOI = {10.1016/j.cell.2017.09.048},
   url = {https://www.ncbi.nlm.nih.gov/pubmed/29056344},
   year = {2017},
   type = {Journal Article}
}

@article{RN197,
   author = {Carter, H. and Marty, R. and Hofree, M. and Gross, A. M. and Jensen, J. and Fisch, K. M. and Wu, X. and DeBoever, C. and Van Nostrand, E. L. and Song, Y. and Wheeler, E. and Kreisberg, J. F. and Lippman, S. M. and Yeo, G. W. and Gutkind, J. S. and Ideker, T.},
   title = {Interaction Landscape of Inherited Polymorphisms with Somatic Events in Cancer},
   journal = {Cancer Discov},
   volume = {7},
   number = {4},
   pages = {410-423},
   ISSN = {2159-8290 (Electronic)
2159-8274 (Linking)},
   DOI = {10.1158/2159-8290.CD-16-1045},
   url = {https://www.ncbi.nlm.nih.gov/pubmed/28188128},
   year = {2017},
   type = {Journal Article}
}

@article{RN144,
   author = {Chakravarty, D. and Gao, J. and Phillips, S. M. and Kundra, R. and Zhang, H. and Wang, J. and Rudolph, J. E. and Yaeger, R. and Soumerai, T. and Nissan, M. H. and Chang, M. T. and Chandarlapaty, S. and Traina, T. A. and Paik, P. K. and Ho, A. L. and Hantash, F. M. and Grupe, A. and Baxi, S. S. and Callahan, M. K. and Snyder, A. and Chi, P. and Danila, D. and Gounder, M. and Harding, J. J. and Hellmann, M. D. and Iyer, G. and Janjigian, Y. and Kaley, T. and Levine, D. A. and Lowery, M. and Omuro, A. and Postow, M. A. and Rathkopf, D. and Shoushtari, A. N. and Shukla, N. and Voss, M. and Paraiso, E. and Zehir, A. and Berger, M. F. and Taylor, B. S. and Saltz, L. B. and Riely, G. J. and Ladanyi, M. and Hyman, D. M. and Baselga, J. and Sabbatini, P. and Solit, D. B. and Schultz, N.},
   title = {OncoKB: A Precision Oncology Knowledge Base},
   journal = {JCO Precis Oncol},
   volume = {2017},
   ISSN = {2473-4284 (Print)
2473-4284 (Linking)},
   DOI = {10.1200/PO.17.00011},
   url = {https://www.ncbi.nlm.nih.gov/pubmed/28890946},
   year = {2017},
   type = {Journal Article}
}

@article{RN95,
   author = {Forbes, S. A. and Beare, D. and Boutselakis, H. and Bamford, S. and Bindal, N. and Tate, J. and Cole, C. G. and Ward, S. and Dawson, E. and Ponting, L. and Stefancsik, R. and Harsha, B. and Kok, C. Y. and Jia, M. and Jubb, H. and Sondka, Z. and Thompson, S. and De, T. and Campbell, P. J.},
   title = {COSMIC: somatic cancer genetics at high-resolution},
   journal = {Nucleic Acids Res},
   volume = {45},
   number = {D1},
   pages = {D777-D783},
   ISSN = {1362-4962 (Electronic)
0305-1048 (Linking)},
   DOI = {10.1093/nar/gkw1121},
   url = {https://www.ncbi.nlm.nih.gov/pubmed/27899578},
   year = {2017},
   type = {Journal Article}
}

@article{RN133,
   author = {Gao, J. and Chang, M. T. and Johnsen, H. C. and Gao, S. P. and Sylvester, B. E. and Sumer, S. O. and Zhang, H. and Solit, D. B. and Taylor, B. S. and Schultz, N. and Sander, C.},
   title = {3D clusters of somatic mutations in cancer reveal numerous rare mutations as functional targets},
   journal = {Genome Med},
   volume = {9},
   number = {1},
   pages = {4},
   ISSN = {1756-994X (Electronic)
1756-994X (Linking)},
   DOI = {10.1186/s13073-016-0393-x},
   url = {https://www.ncbi.nlm.nih.gov/pubmed/28115009},
   year = {2017},
   type = {Journal Article}
}

@article{RN61,
   author = {Hyman, D. M. and Taylor, B. S. and Baselga, J.},
   title = {Implementing Genome-Driven Oncology},
   journal = {Cell},
   volume = {168},
   number = {4},
   pages = {584-599},
   ISSN = {1097-4172 (Electronic)
0092-8674 (Linking)},
   DOI = {10.1016/j.cell.2016.12.015},
   url = {https://www.ncbi.nlm.nih.gov/pubmed/28187282},
   year = {2017},
   type = {Journal Article}
}

@article{RN56,
   author = {Martincorena, I. and Raine, K. M. and Gerstung, M. and Dawson, K. J. and Haase, K. and Van Loo, P. and Davies, H. and Stratton, M. R. and Campbell, P. J.},
   title = {Universal Patterns of Selection in Cancer and Somatic Tissues},
   journal = {Cell},
   volume = {171},
   number = {5},
   pages = {1029-1041 e21},
   ISSN = {1097-4172 (Electronic)
0092-8674 (Linking)},
   DOI = {10.1016/j.cell.2017.09.042},
   url = {https://www.ncbi.nlm.nih.gov/pubmed/29056346},
   year = {2017},
   type = {Journal Article}
}

@article{RN139,
   author = {Meyer, Michael and Beltrán, Juan Felipe and Liang, Siqi and Fragoza, Robert and Rumack, Aaron and Liang, Jin and Wei, Xiaomu and Yu, Haiyuan},
   title = {Interactome INSIDER: A Multi-Scale Structural Interactome Browser For Genomic Studies},
   journal = {bioRxiv},
   url = {http://biorxiv.org/content/early/2017/04/12/126862.abstract},
   year = {2017},
   type = {Journal Article}
}

@misc{RN165,
   volume = {2018},
   number = {March},
   url = {https://seer.cancer.gov/statfacts/html/all.html},
   year = {2017},
   type = {Web Page}
}

@article{RN59,
   author = {Phallen, J. and Sausen, M. and Adleff, V. and Leal, A. and Hruban, C. and White, J. and Anagnostou, V. and Fiksel, J. and Cristiano, S. and Papp, E. and Speir, S. and Reinert, T. and Orntoft, M. W. and Woodward, B. D. and Murphy, D. and Parpart-Li, S. and Riley, D. and Nesselbush, M. and Sengamalay, N. and Georgiadis, A. and Li, Q. K. and Madsen, M. R. and Mortensen, F. V. and Huiskens, J. and Punt, C. and van Grieken, N. and Fijneman, R. and Meijer, G. and Husain, H. and Scharpf, R. B. and Diaz, L. A., Jr. and Jones, S. and Angiuoli, S. and Orntoft, T. and Nielsen, H. J. and Andersen, C. L. and Velculescu, V. E.},
   title = {Direct detection of early-stage cancers using circulating tumor DNA},
   journal = {Sci Transl Med},
   volume = {9},
   number = {403},
   ISSN = {1946-6242 (Electronic)
1946-6234 (Linking)},
   DOI = {10.1126/scitranslmed.aan2415},
   url = {https://www.ncbi.nlm.nih.gov/pubmed/28814544},
   year = {2017},
   type = {Journal Article}
}

@article{RN166,
   author = {Poole, W. and Leinonen, K. and Shmulevich, I. and Knijnenburg, T. A. and Bernard, B.},
   title = {Multiscale mutation clustering algorithm identifies pan-cancer mutational clusters associated with pathway-level changes in gene expression},
   journal = {PLoS Comput Biol},
   volume = {13},
   number = {2},
   pages = {e1005347},
   ISSN = {1553-7358 (Electronic)
1553-734X (Linking)},
   DOI = {10.1371/journal.pcbi.1005347},
   url = {https://www.ncbi.nlm.nih.gov/pubmed/28170390},
   year = {2017},
   type = {Journal Article}
}

@article{RN52,
   author = {Porta-Pardo, E. and Kamburov, A. and Tamborero, D. and Pons, T. and Grases, D. and Valencia, A. and Lopez-Bigas, N. and Getz, G. and Godzik, A.},
   title = {Comparison of algorithms for the detection of cancer drivers at subgene resolution},
   journal = {Nat Methods},
   volume = {14},
   number = {8},
   pages = {782-788},
   ISSN = {1548-7105 (Electronic)
1548-7091 (Linking)},
   DOI = {10.1038/nmeth.4364},
   url = {https://www.ncbi.nlm.nih.gov/pubmed/28714987},
   year = {2017},
   type = {Journal Article}
}

@article{RN17,
   author = {Rheinbay, Esther and Nielsen, Morten Muhlig and Abascal, Federico and Tiao, Grace and Hornshøj, Henrik and Hess, Julian M. and Pedersen, Randi Istrup Istrup and Feuerbach, Lars and Sabarinathan, Radhakrishnan and Madsen, Henrik Tobias and Kim, Jaegil and Mularoni, Loris and Shuai, Shimin and Lanzós Camaioni, Andrés Arturo and Herrmann, Carl and Maruvka, Yosef E. and Shen, Ciyue and Amin, Samir B. and Bertl, Johanna and Dhingra, Priyanka and Diamanti, Klev and Gonzalez-Perez, Abel and Guo, Qianyun and Haradhvala, Nicholas J. and Isaev, Keren and Juul, Malene and Komorowski, Jan and kumar, sushant and Lee, Donghoon and Lochovsky, Lucas and Liu, Eric Minwei Minwei and Pich, Oriol and tamborero, david and Umer, Husen M. and Uusküla-Reimand, Liis and Wadelius, Claes and Wadi, Lina and Zhang, Jing and Boroevich, Keith A. and Carlevaro-Fita, Joana and Chakravarty, Dimple and Chan, Calvin Wing Yiu Y. W. and Fonseca, Nuno A. and Hamilton, Mark P. and Hong, Chen and Kahles, Andre and Kim, Youngwook and Lehmann, Kjong-Van and Johnson, Todd Andrew A. and Kahraman, Abdullah and Park, Keunchil and Saksena, Gordon and Sieverling, Lina and Sinnott-Armstrong, Nicholas A. and Campbell, Peter J. and Hobolth, Asger and Kellis, Manolis and Lawrence, Michael S. and Raphael, Ben and Rubin, Mark A. and Sander, Chris and Stein, Lincoln and Stuart, Josh and Tsunoda, Tatsuhiko and Wheeler, David A. and Johnson, Rory and Reimand, Jüri and Gerstein, Mark B. and Khurana, Ekta and Lopez-Bigas, Nuria and Martincorena, Inigo and Pedersen, Jakob Skou Skou and Getz, Gad},
   title = {Discovery and characterization of coding and non-coding driver mutations in more than 2,500 whole cancer genomes},
   journal = {bioRxiv},
   url = {http://biorxiv.org/content/early/2017/12/23/237313.abstract},
   year = {2017},
   type = {Journal Article}
}

@article{RN145,
   author = {Zehir, A. and Benayed, R. and Shah, R. H. and Syed, A. and Middha, S. and Kim, H. R. and Srinivasan, P. and Gao, J. and Chakravarty, D. and Devlin, S. M. and Hellmann, M. D. and Barron, D. A. and Schram, A. M. and Hameed, M. and Dogan, S. and Ross, D. S. and Hechtman, J. F. and DeLair, D. F. and Yao, J. and Mandelker, D. L. and Cheng, D. T. and Chandramohan, R. and Mohanty, A. S. and Ptashkin, R. N. and Jayakumaran, G. and Prasad, M. and Syed, M. H. and Rema, A. B. and Liu, Z. Y. and Nafa, K. and Borsu, L. and Sadowska, J. and Casanova, J. and Bacares, R. and Kiecka, I. J. and Razumova, A. and Son, J. B. and Stewart, L. and Baldi, T. and Mullaney, K. A. and Al-Ahmadie, H. and Vakiani, E. and Abeshouse, A. A. and Penson, A. V. and Jonsson, P. and Camacho, N. and Chang, M. T. and Won, H. H. and Gross, B. E. and Kundra, R. and Heins, Z. J. and Chen, H. W. and Phillips, S. and Zhang, H. and Wang, J. and Ochoa, A. and Wills, J. and Eubank, M. and Thomas, S. B. and Gardos, S. M. and Reales, D. N. and Galle, J. and Durany, R. and Cambria, R. and Abida, W. and Cercek, A. and Feldman, D. R. and Gounder, M. M. and Hakimi, A. A. and Harding, J. J. and Iyer, G. and Janjigian, Y. Y. and Jordan, E. J. and Kelly, C. M. and Lowery, M. A. and Morris, L. G. T. and Omuro, A. M. and Raj, N. and Razavi, P. and Shoushtari, A. N. and Shukla, N. and Soumerai, T. E. and Varghese, A. M. and Yaeger, R. and Coleman, J. and Bochner, B. and Riely, G. J. and Saltz, L. B. and Scher, H. I. and Sabbatini, P. J. and Robson, M. E. and Klimstra, D. S. and Taylor, B. S. and Baselga, J. and Schultz, N. and Hyman, D. M. and Arcila, M. E. and Solit, D. B. and Ladanyi, M. and Berger, M. F.},
   title = {Mutational landscape of metastatic cancer revealed from prospective clinical sequencing of 10,000 patients},
   journal = {Nat Med},
   volume = {23},
   number = {6},
   pages = {703-713},
   ISSN = {1546-170X (Electronic)
1078-8956 (Linking)},
   DOI = {10.1038/nm.4333},
   url = {https://www.ncbi.nlm.nih.gov/pubmed/28481359},
   year = {2017},
   type = {Journal Article}
}

@article{RN57,
   author = {Gonzalez-Sanchez, J. C. and Raimondi, F. and Russell, R. B.},
   title = {Cancer genetics meets biomolecular mechanism-bridging an age-old gulf},
   journal = {FEBS Lett},
   ISSN = {1873-3468 (Electronic)
0014-5793 (Linking)},
   DOI = {10.1002/1873-3468.12988},
   url = {https://www.ncbi.nlm.nih.gov/pubmed/29364530},
   year = {2018},
   type = {Journal Article}
}

@article{RN69,
   author = {Hunter, K. W. and Amin, R. and Deasy, S. and Ha, N. H. and Wakefield, L.},
   title = {Genetic insights into the morass of metastatic heterogeneity},
   journal = {Nat Rev Cancer},
   ISSN = {1474-1768 (Electronic)
1474-175X (Linking)},
   DOI = {10.1038/nrc.2017.126},
   url = {https://www.ncbi.nlm.nih.gov/pubmed/29422598},
   year = {2018},
   type = {Journal Article}
}

